1643 2776
682 86 945 150 (36)

251 260 322 306 ¹4·
361 243 540 292 Herbae
578 240 806 301 apetalae‚
844 238 1186 299 Inconspicuae.

242 338 313 384 15.
579 320 811 378 apemlae,
846 317 1162 379 Imperfectae.

243 402 318 448 16.
354 397 603 463 Lignosae‚
641 398 855 446 Arbores.

240 491 314 540 17.
588 507 604 532 ,
653 473 877 521 FruticeS.

672 630 699 688 ς
736 626 912 675 xxvr.

234 790 366 855 Quae
404 788 511 834 huic
543 785 767 844 systemati
798 783 913 829 vido
949 785 1061 829 verti
1090 781 1302 842 possunt,
1338 783 1434 831 fere

169 870 446 917 conveniunt
485 877 587 910 cum
625 862 746 918 illis,
783 875 894 921 quae
923 864 1082 907 ceteris
1109 876 1308 907 veterum
1342 866 1432 919 sys-

167 948 410 994 tematibus
436 943 704 989 obiecimus.
777 939 950 984 Herbas
989 955 1012 984 a
1054 940 1235 1000 lignoiis
1273 940 1438 999 plantis

165 1025 327 1073 Knau
351 1039 365 1068 t
391 1025 446 1067 iu
466 1037 484 1065 s
519 1021 761 1080 separavit,
800 1018 876 1064 has
904 1020 1081 1076 insuper
1106 1020 1149 1062 in
1180 1019 1359 1064 arbores
1388 1030 1437 1063 et

163 1103 355 1150 frutices
395 1102 551 1145 divifit.
622 1097 782 1154 Aeque
813 1111 863 1140 ac
889 1108 1088 1141 veterum
1131 1098 1438 1157 systematico-

166 1196 264 1228 rum
298 1178 454 1228 multi,
474 1177 526 1222 ad
556 1174 754 1220 fructum
778 1187 866 1219 non
894 1186 1093 1226 tantum,
1123 1189 1275 1219 verum
1302 1175 1439 1220 etiam

171 1258 225 1304 ad
267 1254 520 1315 petalorum
548 1265 782 1299 numerum
825 1264 870 1296 et
907 1250 1236 1310 regularitatem
1265 1252 1444 1311 respex-

168 1337 233 1390 it,
269 1346 403 1388 atque
428 1333 539 1377 adeo
568 1344 658 1375 non
691 1328 930 1391 secundum
978 1342 1109 1374 unam
1146 1343 1296 1375 notam
1331 1331 1441 1376 cha-

174 1410 500 1459 racteristicam
543 1406 704 1452 classes
741 1406 975 1460 exhibuit,
1016 1407 1134 1453 unde
1167 1410 1303 1452 tironi
1328 1406 1445 1454 diffi-

176 1490 397 1536 cillimum
427 1500 492 1531 est
522 1485 725 1543 systema.
795 1483 967 1529 Mirum
1002 1486 1149 1543 itaque
1186 1485 1324 1530 videri
1353 1500 1445 1532 non

180 1580 334 1627 potest
384 1564 606 1607 neminem
659 1576 717 1607 eo
772 1562 894 1606 usum
942 1560 1100 1617 fuisse,
1158 1562 1233 1608 nist
1300 1565 1445 1623 ipsum

179 1644 506 1691 Knautium
555 1642 600 1686 in
650 1640 986 1686 enumeratione
1027 1640 1278 1701 plantarum
1326 1645 1448 1690 circa

184 1719 348 1768 Halam
391 1720 618 1766 Saxonum
649 1718 976 1779 indigenarum.

691 1872 720 1934 §
759 1871 958 1922 XXVII.

260 2035 464 2088 Melius,
482 2032 605 2093 quod
632 2033 854 2092 sequitur,
891 2032 924 2078 P
942 2048 964 2079 a
981 2049 1006 2080 u
1023 2032 1064 2079 li
1101 2032 1183 2080 He
1199 2049 1309 2081 rma
1324 2051 1351 2083 n
1367 2037 1457 2094 ni,

195 2113 473 2162 Professoris
549 2111 779 2175 Lugduno
796 2137 813 2146 ·
828 2111 1007 2168 Batavi,
1087 2112 1274 2172 systema
1332 2115 1455 2161 vide·

197 2205 271 2240 tur
307 2194 412 2254 (1).
1332 2256 1462 2304 Clas.

254 2357 331 2412 (ι)
362 2361 497 2401 Florae
517 2361 710 2412 Lugduno
727 2383 747 2394 -
761 2361 931 2401 Batavae
949 2361 1065 2402 flores
1082 2389 1094 2410 ,
1111 2359 1241 2410 Lugd.
1256 2363 1303 2402 B.
1329 2361 1452 2411 1690.

1374 2434 1455 2474 Hic
