1643 2776
630 103 881 167 (44)

138 257 323 305 mmlem
355 257 541 318 reperiri
577 259 749 305 dicens.
829 257 934 305 Hoc
977 271 1113 310 vero,
1149 271 1238 305 non
1281 257 1387 304 huic

134 351 334 390 tantum,
385 351 537 383 verum
592 337 897 383 artificialibus
947 339 1256 396 syStematvbus
1292 339 1387 384 fere

132 416 342 461 omnibus
368 416 574 476 imputari
604 428 786 474 potest,
823 430 967 475 neque
998 416 1110 461 adeo
1138 419 1293 461 vitium
1328 420 1386 461 ita

132 506 342 552 magnum
370 493 608 540 dicendum
627 506 723 548 est,
751 507 800 539 ut
818 495 878 539 ob
896 494 1005 539 illud
1030 509 1171 539 totum
1201 499 1389 553 systema

127 573 367 618 reiiciatur.
437 571 591 632 Magis
632 585 779 616 autem
816 571 1008 618 Rivin
1030 587 1093 617 us
1128 572 1390 632 improban-

129 649 243 702 dus,
276 651 399 710 quod
427 665 588 710 genera
619 663 707 694 non
739 648 836 695 satis
859 663 1066 694 accurate
1095 648 1314 696 definierit
1341 663 1387 695 et

128 727 369 784 aliquando
399 728 555 786 plura,
591 741 721 787 quam
769 740 1057 783 oportuerat,
1104 727 1387 779 condiderit,

125 805 404 851 characteres
443 807 683 866 genericos
725 803 982 856 adsumens,
1033 805 1108 860 qui
1143 818 1232 848 non
1286 804 1388 849 satis

127 883 276 944 magni
311 886 527 929 momenti
568 883 692 936 sunt,
742 895 789 926 ut
819 881 870 926 ad
902 895 1065 943 genera
1102 880 1390 928 discernenda

123 960 325 1013 valeant,
360 959 482 1020 quod
502 975 547 1006 et
572 961 635 1006 illi
666 960 837 1006 obiecit
866 957 1087 1005 Dillen
1106 963 1117 1005 i
1137 959 1384 1020 us(l.c.).

121 1037 324 1085 Nomina
364 1053 509 1084 autem
543 1040 751 1100 generica
781 1052 825 1082 et
856 1038 1063 1097 specifica
1101 1040 1269 1097 primus
1305 1040 1389 1082 rite

124 1115 354 1168 confecit,
391 1117 550 1162 eodem
568 1115 660 1162 fere
677 1114 843 1171 modo,
880 1132 973 1178 quo
998 1129 1119 1162 nunc
1149 1131 1198 1162 ca
1226 1115 1392 1176 plantis

120 1193 430 1253 imponuntur.

187 1271 415 1318 Asseclam
448 1286 604 1318 nactus
627 1286 696 1319 est
721 1273 949 1320 celebrem
979 1273 1022 1319 Η
1041 1288 1065 1318 e
1082 1275 1149 1318 be
1166 1287 1192 1317 n
1211 1273 1334 1317 stre
1352 1272 1387 1316 i-

124 1351 214 1395 tiu
236 1364 278 1393 m
305 1349 395 1408 (ι)
416 1350 636 1408 aliosque.
707 1353 853 1399 Fuere
880 1354 1012 1397 etiam
1041 1353 1116 1411 qui
1147 1351 1234 1396 hoc
1254 1352 1390 1407 syste-

122 1441 313 1473 macurn
338 1428 390 1472 iis
425 1427 867 1481 Tournefortji
904 1444 947 1474 et
985 1429 1239 1474 Linnaei
1281 1440 1391 1474 con·

124 1507 309 1569 iungere
340 1508 491 1553 conati
521 1507 653 1563 sunt,
690 1507 745 1552 de
769 1507 932 1566 quibus
964 1521 1134 1568 postea.

610 1663 637 1722 ς
674 1660 896 1708 xxxm.

193 1817 474 1868 Camellu
495 1834 514 1865 s
540 1821 852 1878 praecedentia
889 1824 1121 1881 systemata
1158 1823 1314 1868 reiecit
1346 1835 1391 1869 et

126 1912 295 1946 novum
339 1898 469 1958 plane
513 1912 646 1959 atque
682 1901 841 1944 mirum
882 1903 1067 1959 systema
1104 1913 1158 1944 ex
1202 1913 1391 1945 numero

126 1976 402 2024 valvularum
438 1978 679 2038 pericarpii
711 1976 910 2024 condere
950 1991 1139 2028 conatus
1176 1993 1242 2025 est
1287 1977 1394 2035 (ο).

1292 2054 1396 2100 Uti-

187 2207 264 2259 (ι)
298 2211 358 2248 De
415 2211 678 2250 continuanda
722 2212 1068 2250 Rivinorum
1125 2211 1314 2251 industria
1357 2211 1396 2249 in

130 2280 305 2321 eruendo
337 2283 550 2327 plantarum
582 2283 836 2327 charactere,
873 2283 975 2331 Lips.
1007 2284 1131 2330 1726.

187 2349 269 2400 (2)
303 2353 345 2389 ln
381 2351 530 2400 syllabo
560 2352 733 2402 stirpium
763 2353 801 2389 iu
829 2351 950 2391 insula
980 2353 1213 2391 Luzone
1246 2351 1397 2400 Philip-

1338 2421 1397 2470 pi·
