1643 2776
618 95 872 161 (76)

116 272 379 307 trectatores
429 270 589 317 postea
641 254 740 300 eins
783 252 938 298 merita
977 244 1297 314 agnoverunt,'
1341 260 1391 295 et

113 339 295 401 dignam
356 338 431 398 ‘'pfi
488 335 664 380 laudem
710 332 963 378 tribuerunt
1004 329 1110 391 (ι).
1218 324 1386 373 Possim

112 420 241 476 plura
278 418 678 464 celeberrimorum
731 410 1009 487 scriptorum·
1048 408 1300 455 testimonia
1339 419 1387 454 et

109 499 251 543 nostri
279 497 500 554 temporis
525 492 851 538 Botanicorum
891 489 985 534 fere
1029 493 1231 536 omnium
1276 498 1389 532 con-

112 576 282 621 sentum
319 575 361 618 in
406 586 554 631 partes
596 583 786 618 vocare,
827 582 875 611 ut
918 567 1105 613 sexualis
1140 567 1389 629 {ystematis

107 653 415 715 praestantiam
461 664 515 695 ex
551 650 674 693 hisce
703 649 922 705 probem:
972 647 1134 703 posfim
1173 651 1229 693 A.
1264 646 1325 693 Iu
1346 657 1390 688 s·

109 733 265 778 sievi
288 767 300 783 ‚
341 729 613 775 Profesloris
640 724 886 770 P-2riflenfis
925 726 1186 785 exemplum
1219 728 1388 779 citare,

108 813 185 869 qui
223 812 354 855 senex
388 808 428 854 L
446 811 495 851 in
515 823 540 852 n
561 806 651 851 a'ci
674 806 846 849 iuvenis
874 804 1058 861 systema·
1086 804 1317 864 adoptavit
1341 814 1389 848 et

111 888 358 934 secundum
394 885 505 930 illud
539 883 672 928 Horti
702 880 947 928 Parifienfis
973 883 1146 940 plantas
1178 881 1388 944 digessit,

112 967 222 1013 licet
260 966 372 1012 olim
422 964 666 1009 secundum
717 959 1173 1007 Tournefortii
1211 961 1390 1006 metho-

105 1046 213 1091 dum
266 1043 500 1101 dIspofitas
541 1040 666 1098 (2);
725 1038 797 1083 sed
843 1053 933 1086 non
977 1042 1246 1085 auctoritate
1275 1037 1389 1083 illud

108 1126 320 1168 evincere
363 1120 502 1171 volo,
542 1118 632 1178 ipsa
662 1117 911 1175 systematis
949 1132 1154 1164 accurata
1184 1118 1389 1164 confide·

106 1202 224 1248 ratio
253 1215 374 1246 arma
405 1198 555 1247 dabit,
592 1197 760 1257 quibus
786 1194 908 1241 illius
932 1197 1240 1258 praestantiam
1270 1197 1387 1245 indi-

108 1293 210 1325 care
236 1291 282 1324 et
308 1278 421 1324 tueri
448 1277 630 1338 posfim.

166 1425 246 1476 (ι)
281 1426 519 1465 Attentione
545 1422 659 1470 digna
689 1421 803 1469 sunt,
836 1435 935 1472 quae
967 1425 1281 1472 Linnaeus‚
1323 1436 1388 1465 an·

107 1509 159 1536 no
213 1509 314 1547 ¹773
348 1498 477 1535 amico
523 1481 900 1541 Thunberg'io
938 1496 1115 1545 scripfit,
1164 1498 1230 1534 ubi
1262 1496 1390 1536 dicit:

108 1599 140 1619 ,‚
173 1570 394 1613 Pontifex,
441 1567 508 1614 qui
545 1577 634 1604 ante
682 1563 910 1610 quindecim
953 1576 1071 1604 annos
1116 1568 1236 1606 libros
1280 1578 1390 1606 meos
1440 1608 1443 1611 ,

112 1668 143 1687 ,,
176 1638 357 1676 comburi
403 1636 540 1684 iusfit,
585 1636 742 1674 fimulac
787 1637 824 1673 in
867 1638 979 1675 terris
1005 1637 1168 1675 ditionis
1199 1638 1287 1675 suae
1323 1638 1392 1675 de-

111 1739 142 1760 ,‚
177 1708 543 1759 prehenderentur,
591 1708 862 1745 Prol'essorem
911 1709 1154 1756 nomicos,
1213 1707 1393 1747 methodi

111 1811 140 1830 ,‚
175 1792 285 1819 meae
318 1782 521 1827 ignarum,
566 1789 670 1815 nunc
700 1790 719 1815 a
749 1789 908 1816 munere
951 1780 1147 1826 removit,
1194 1780 1393 1826 aliumque

115 1881 143 1900 ,‚
177 1853 215 1888 in
260 1853 342 1888 eius
376 1854 507 1888 locum
557 1849 739 1894 suffecit,
797 1851 863 1896 qui
905 1849 1118 1887 secundum
1161 1849 1393 1888 methodum

110 1952 139 1971 „
171 1933 294 1960 meam
315 1922 607 1969 praelectiones
626 1914 847 1959 habebit.'’.
894 1920 1020 1959 Cous.
1056 1922 1234 1960 Collect.
1265 1920 1392 1970 Epist.

111 1993 490 2035 etc.1,fnnaei,
526 2005 561 2038 p.
593 2000 661 2034 92.

163 2063 239 2115 (ς.)
273 2063 396 2102 Cous.
424 2064 603 2101 Collect.
632 2061 759 2111 Epist.
789 2072 869 2100 etc.
896 2062 1135 2104 Linnaei
1154 2092 1167 2111 ‚
1200 2077 1240 2114 p.
1269 2063 1362 2102 166.

1295 2443 1402 2493 CA-
