1643 2776
671 116 925 179 (33)

176 278 357 322 maximi
398 276 645 329 momenti,
698 271 979 333 propositum
1035 271 1282 334 attingitur.
1360 268 1423 321 Et

173 356 260 399 iam
306 368 512 414 magnum
554 353 674 397 illius
709 350 936 395 divisionis
975 350 1319 402 incommodum
1344 368 1423 413 ap-

176 444 326 491 paret,
373 446 471 477 nain
505 432 530 476 fi
568 432 808 476 discrimen
842 428 955 470 inter
998 426 1156 471 herbas
1206 441 1252 473 et
1291 431 1425 477 arbo—

174 522 244 554 res
278 522 366 554 non
391 522 628 560 accurate,
665 506 738 552 sed
763 506 901 550 modo
960 506 1236 565 iagnitudine
1266 507 1424 555 defini·

176 599 305 638 mus,
342 585 505 635 dubia,
540 596 589 629 ut
617 584 700 628 iam
729 584 927 628 monuim
1002 615 1015 636 ,
1050 595 1095 627 et
1122 582 1425 643 obscuraplu-

174 675 233 713 ra‘
269 676 525 716 remanent3
589 659 618 704 fi
679 673 786 705 vero
825 674 928 705 cum
976 658 1140 705 Raio
1187 662 1427 710 discrimen

175 750 450 797 gemmarum
483 752 599 798 ope,
635 751 747 798 quae
775 735 865 782 sola
895 750 1013 782 certa
1041 734 1322 784 discernendi
1353 743 1424 792 via

172 827 264 868 est,
301 814 536 861 definimus
554 849 567 869 ‚
598 827 752 860 contra
780 813 1025 860 naturalem
1052 813 1304 861 affinitatem
1328 832 1426 864 om-

173 894 282 939 nIno
321 907 580 952 peccamus.
648 892 826 938 Etenim
873 891 1118 950 permultae
1161 893 1256 937 sunt
1291 896 1428 941 arbo·-
1497 920 1504 928 ·

173 985 275 1026 τετε,
325 986 438 1030 quae
484 973 676 1033 gemmis
729 981 897 1015 carent:
950 968 1110 1014 multas
1150 976 1426 1018 enumeravit:

175 1049 493 1096 Linnaeus
530 1048 649 1109 (ι),
697 1061 742 1093 et
784 1046 949 1092 multae
1001 1047 1054 1091 iis
1090 1061 1114 1092 e
1161 1051 1427 1108 posteriori-

180 1128 266 1172 bus
311 1127 702 1172 observationibus
742 1125 965 1169 addendae
1011 1124 1124 1170 sunt.
1224 1123 1341 1172 Hinc
1383 1130 1429 1174 in

177 1205 394 1250 methodo
439 1205 696 1257 Raiana,
744 1200 986 1248 secundum
1033 1202 1168 1260 ipsius
1204 1202 1431 1251 definitio-

143 1296 312 1346 ¹nem,
360 1282 605 1340 permultae
652 1281 833 1325 arbores
885 1277 939 1324 ad
980 1279 1138 1325 herbas
1176 1280 1430 1329 referendae

179 1360 305 1413 sunt,
341 1359 465 1415 quod
489 1372 609 1403 certe
634 1359 679 1403 in
710 1358 797 1402 hoc
833 1357 1091 1412 systemate,
1125 1358 1169 1401 in
1200 1372 1293 1416 quo
1328 1359 1429 1406 her-

178 1438 263 1484 bae
308 1435 364 1482 ab
415 1437 647 1482 arboribus
702 1434 1021 1495 seiunguntur‚
1068 1433 1463 1484 absurdissimum.

182 1529 264 1561 est.

686 1671 709 1731 §
744 1668 916 1716 xxiva

248 1825 298 1874 In
359 1826 599 1887 generibus
634 1839 781 1871 autem
833 1825 1182 1882 constituendis,
1243 1828 1430 1880 Raius

183 1919 310 1963 notas
350 1903 645 1950 inconstantes
686 1917 731 1947 et
770 1902 1064 1951 fallacisfimas
1105 1907 1274 1968 elegit,
1329 1926 1431 1958 nain

185 1982 292 2027 folia
326 1995 370 2026 et
396 1982 593 2026 habiturn
622 1996 713 2025 non
751 1983 911 2038 modo,
942 1981 1094 2029 verum
1125 1987 1257 2031 etiam
1301 1990 1434 2034 colo-

184 2074 278 2111 res,
317 2059 520 2118 sapores,
568 2059 730 2104 odores
761 2073 811 2104 et.
847 2062 1195 2121 magnitudinem
1240 2064 1295 2109 ad
1328 2068 1436 2114 cha-

184 2150 372 2185 racteres
409 2138 643 2196 genericos
689 2136 868 2191 retulit,
921 2141 1171 2197 quinimmo
1219 2138 1352 2191 flores
1389 2157 1435 2192 et

1250 2258 1255 2263 .
1318 2220 1440 2268 fruc.

245 2364 319 2419 (ι)
352 2366 441 2408 Vis.
473 2367 575 2410 Phil.
608 2371 695 2410 Bot.
812 2380 849 2419 5.

730 2370 804 2420 §a

760 2438 801 2485 C
