1643 2776
670 107 702 174 ‹
764 103 827 158 ’⁸8
894 107 925 168 >

155 268 218 315 'et
241 264 484 312 naturalem
520 264 722 312 ordinem
759 264 1100 318 artificialibus,
1134 279 1160 311 e
1194 257 1342 312 fructu
1367 261 1449 309 de·

172 349 356 398 sumtis,
406 344 584 406 legebus
633 343 902 402 adstringere
966 348 1187 402 cupiens,
1247 344 1444 388 medium

126 423 279 484 ‘quid
311 423 511 474 creavit,
547 421 670 477 quod
700 435 784 464 nec
808 435 1031 480 tamquam
1073 421 1274 468 naturale
1307 424 1446 477 {yste-

168 516 239 549 ma
269 501 553 546 doctioiibus
581 500 827 557 plantarum
849 501 1091 546 affinitates
1139 499 1446 559 agnoscendas

169 579 435 630 exhiberet,
472 591 555 623 nec
597 591 821 634 tamquam
865 578 1098 624 artificiale
1130 578 1259 623 tironi
1303 575 1446 621 fidelis

166 657 266 702 viae
297 656 384 701 dux
410 655 538 701 esset.
610 654 659 701 ln
694 655 858 701 iexuali
887 670 1065 707 autem,
1114 658 1350 713 systemate
1375 667 1445 697 ar-

167 734 375 788 tificiali,
426 733 587 779 classes
624 747 781 777 ornnes
807 732 1047 778 secundum
1075 734 1281 794 genitalia
1319 730 1447 789 plan·

165 827 309 859 tarum
336 815 395 856 ita
423 812 663 869 dispositae
698 811 820 861 sunt,
870 825 918 856 ut
950 813 1065 863 tiro,
1115 808 1254 855 modo
1289 810 1444 854 termi-

150 899 250 940 'nos
275 894 378 936 artis
404 892 611 941 noverit,
662 892 860 948 ignotam
888 889 1083 947 plantam
1124 889 1169 935 in
1211 902 1269 934 eo
1306 891 1444 945 {yste-

163 983 285 1017 mate
326 971 528 1013 invenire
581 981 626 1013 et
666 966 954 1012 denominare
986 966 1138 1024 posfit.
1207 967 1442 1026 Quantum

162 1047 303 1105 igitur
341 1045 429 1091 hoc
475 1045 763 1105 perspicuum
799 1056 844 1088 et
883 1042 1176 1089 fundamento
1207 1044 1338 1088 firmo
1373 1049 1441 1090 in·

161 1124 319 1170 nixum
349 1124 536 1181 systema
573 1123 809 1169 Raiano
844 1120 1108 1172 antecellat,
1145 1121 1335 1179 cuique,
1373 1124 1441 1168 ni-

164 1201 195 1246 fi
230 1201 547 1258 praeiudicatis
570 1203 867 1265 opinionibus
896 1212 1150 1260 occupatus
1182 1199 1259 1256 fit,
1294 1200 1441 1249 statim

159 1279 418 1340 apparebit·

672 1442 700 1496 5
735 1436 932 1486 LXVII.

229 1592 277 1638 Si
303 1592 560 1645 character,
613 1606 639 1638 e
677 1608 771 1651 quo
806 1595 1080 1641 Rivinus
1116 1593 1276 1640 classes
1316 1592 1439 1640 ordi·

159 1684 332 1731 nesque
366 1671 612 1730 disposuit,
661 1688 805 1731 aeque
844 1674 1049 1719 constans
1093 1673 1432 1730 observaretur,

160 1764 215 1795 ac
246 1749 391 1795 facilis
427 1764 474 1794 et
514 1751 778 1808 perspicuus
806 1766 905 1806 est,
958 1750 1074 1796 forte
1109 1750 1330 1796 difficilius
1363 1765 1434 1796 es·

160 1826 257 1879 set,
307 1827 650 1874 Linnaeani
690 1832 996 1888 praestantiam
1040 1842 1142 1888 prae
1180 1829 1261 1874 illo
1300 1831 1429 1875 tueri.

158 1905 249 1951 Sed
277 1908 553 1967 regularitati
578 1922 623 1952 et
647 1923 836 1953 numero
859 1909 1111 1965 petalorum
1148 1909 1338 1953 maxime
1365 1911 1432 1952 in-

156 1985 313 2029 fistens
351 1997 501 2030 notam
547 1985 686 2047 elegit
732 1986 860 2032 valde
892 1991 1134 2036 incertam,
1172 1987 1295 2044 quod
1336 2000 1428 2030 ma-

154 2064 226 2122 gis
266 2066 396 2108 etiam
434 2064 478 2108 in
519 2065 757 2110 ordinibus
797 2065 950 2109 locum
990 2064 1148 2113 habet,
1188 2066 1228 2107 in
1262 2065 1427 2123 quibus

151 2140 351 2186 fructum
386 2140 593 2197 respicit,
631 2142 907 2201 utpluribus
935 2145 1018 2187 iam
1054 2143 1330 2188 monuimus.

215 2215 336 2263 Hinc
375 2232 519 2263 totum
561 2220 746 2279 systema
790 2219 1111 2266 labefactatur:
1160 2234 1259 2266 nam
1307 2233 1424 2277 quae

148 2294 315 2341 domus
346 2311 436 2342 non
471 2298 734 2354 vacillabit,
782 2299 1073 2344 fundamento
1110 2297 1342 2343 fluctuanti
1379 2311 1426 2346 et

147 2375 365 2424 infirmo?
402 2374 576 2439 Quodsi
602 2381 739 2443 igitur
765 2380 896 2427 firmo
932 2391 978 2423 et
1008 2376 1226 2424 constanti
1263 2375 1425 2424 funda-

1298 2469 1424 2504 men·
