1643 2776
677 111 932 173 (45)

171 272 353 319 Utinam
384 286 475 319 non
503 284 619 318 nova
647 279 846 322 tantum,
880 279 1037 313 verum
1066 278 1113 312 et
1139 265 1326 315 meliora
1355 269 1423 315 in-

171 352 393 397 duxisset!
1336 381 1341 383 Α

235 427 417 486 Septem
449 426 529 472 sub
562 423 773 471 classibus
798 421 1052 469 universum
1075 435 1263 482 regnum
1291 434 1428 488 vege-

171 505 308 550 tabile
335 504 578 552 ordinavit,
608 501 810 546 scilicet:

240 594 281 627 1.
316 579 567 639 Pericarpia
614 576 774 623 Afora.

619 653 831 703 Uniform

240 749 287 796 3.
322 761 579 775 .-.-.--.
612 731 784 778 Bifora.

238 829 285 874 4.
320 840 581 853 -—--
617 807 816 856 Trifora.

240 905 286 951 5.
318 916 588 931 -——-
620 885 872 935 Tetrafora.

243 971 286 1016 6.
325 995 435 1007 —-·
621 965 876 1013 Pentafora·

242 1060 291 1108 7,
330 1067 592 1084 --.——-
627 1042 869 1093 Hexafora.

248 1121 352 1169 Hoc
379 1120 565 1181 systema
606 1124 839 1168 maximam
878 1120 939 1169 ob
978 1122 1241 1170 brevitatem
1270 1123 1439 1172 nullius

187 1204 318 1264 pretii
342 1203 383 1245 in
413 1200 643 1247 Botanicis
673 1214 769 1245 est:
806 1199 965 1246 classes
999 1203 1117 1246 enim
1146 1200 1257 1247 adeo
1294 1216 1442 1248 vastae

189 1282 318 1331 sunt,
360 1293 406 1324 ut
434 1293 554 1331 non,
605 1279 680 1324 nifi
720 1280 918 1324 maximo
959 1278 1140 1333 labore,
1176 1282 1277 1338 quis
1314 1279 1444 1340 plan-

189 1371 276 1405 tam
303 1361 346 1404 in
380 1368 496 1401 tanta
528 1353 813 1401 multitudine
840 1359 1046 1415 reperiat.
1126 1355 1230 1402 Hoc
1257 1358 1444 1416 systema

186 1438 326 1497 igitur
355 1432 485 1479 finem
517 1431 643 1477 illum
674 1447 764 1480 non
787 1436 994 1496 attingit,
1029 1435 1084 1481 ad
1115 1449 1246 1494 quem
1265 1437 1443 1491 omnia,

190 1528 236 1560 et
275 1512 527 1571 praesertim
572 1510 817 1559 artificialia
858 1511 1089 1570 systemata
1138 1513 1318 1559 tendere
1364 1513 1447 1560 de·

190 1592 326 1644 benc,
361 1602 409 1634 ut
448 1587 618 1633 scilicet
642 1587 880 1636 Botanices
911 1590 1098 1636 studium
1138 1589 1316 1637 facilius
1350 1591 1445 1639 effi·

194 1671 347 1721 ciant,
369 1665 662 1722 facemquein
687 1667 874 1714 obscura
897 1681 1032 1715 nocte
1058 1669 1312 1725 praebeant.
1351 1668 1444 1713 Ne-

196 1760 287 1806 que
316 1747 447 1789 etiam
479 1743 532 1788 ad
567 1745 643 1788 has
681 1745 840 1791 classes
886 1760 1041 1792 omnes
1078 1746 1251 1804 plantae
1288 1745 1442 1794 referri

194 1823 393 1885 possunt.
462 1821 632 1867 Mirum
673 1825 823 1882 itaque
864 1826 1001 1871 videri
1039 1840 1127 1871 non
1171 1838 1322 1882 potest
1349 1826 1441 1872 hoc

194 1900 381 1960 systema
410 1898 640 1949 Botanicis
663 1901 1001 1965 haudquaquam
1032 1901 1267 1963 placuisse.

239 671 459 706 9.--

637 2032 665 2091 §
699 2033 917 2081 XXXIV.

261 2159 383 2206 Cum
420 2162 464 2208 in
506 2161 666 2223 Anglia
704 2164 888 2211 Raius
923 2163 1046 2211 suum
1084 2165 1268 2224 systema
1307 2168 1447 2230 magis

1349 2261 1440 2292 ma·

196 2320 368 2369 pinarum
404 2318 604 2366 primaria,
648 2319 796 2360 adnexa
842 2321 973 2361 Raii
1008 2322 1204 2362 Historiae
1234 2326 1446 2373 plantarum

192 2389 389 2436 generali,
421 2388 549 2430 Lond.
583 2394 702 2440 1593.
