1643 2776
654 135 906 202 (85)

149 309 244 356 que
269 310 327 342 eo
352 297 489 358 igitur
530 306 710 342 naturae
742 290 1001 338 adversetur
1034 291 1140 354 (ι).
1208 291 1270 338 At
1305 282 1416 338 vero

154 376 211 420 iis
232 374 497 433 respondere
520 374 629 417 mihi
663 371 821 425 liceat,
858 373 1035 428 primo,
1074 371 1141 418 Li
1162 385 1306 416 nnae
1328 386 1350 413 u
1369 384 1412 416 m

153 465 398 508 numquam
445 450 559 496 suam
602 449 864 494 methodum
924 450 1168 494 naturalem
1217 448 1416 502 dixisse4

152 532 406 588 quinimmo
442 528 483 572 se
506 527 748 572 naturalem
783 526 1074 578 methodum,
1122 525 1300 571 simulac
1336 527 1419 570 bo·

153 622 211 656 na
249 611 426 653 inventa
467 603 632 656 fuerit,
679 605 984 650 adhibiturum
1019 604 1140 657 esse;
1189 607 1272 650 hac
1307 616 1418 650 vero

150 685 198 731 in
236 686 353 731 hunc
377 698 517 742 usque
550 683 664 728 diem
696 682 963 734 deficiente,
1013 682 1054 728 se
1087 684 1182 726 eius
1218 681 1328 728 loco
1364 677 1421 724 ad

151 761 275 808 usum
298 761 617 807 Botanieorum
634 759 862 806 artificiale
877 763 1061 806 creasse.
1088 758 1238 806 (conf.
1259 761 1285 818 ἕ
1307 756 1419 817 ΠΙ.)

217 838 382 887 Fateor
408 840 618 899 equidem
644 839 832 898 systema
856 837 1087 883 artificiale
1112 853 1206 895 quo
1232 839 1424 894 propius

148 930 335 965 naturae
368 919 513 964 ordini
541 920 724 964 accedat
744 951 756 966 .,
787 929 845 960 eo
883 915 1126 973 perfectius
1155 918 1248 962 esse
1283 928 1420 973 arque

152 997 290 1057 igitur
316 1009 373 1041 eo
399 997 603 1054 respectu
646 991 861 1040 nonnulla
902 994 1132 1050 systemata
1171 995 1424 1039 recentiora

153 1074 300 1121 forsan
327 1073 392 1119 illi
424 1073 616 1132 palmam
646 1072 930 1131 praeripere2,
965 1069 1036 1115 sed
1071 1072 1126 1114 ab
1160 1072 1428 1128 antiquiori·

153 1153 270 1207 bus,
301 1153 356 1198 de
385 1152 549 1210 quibus
579 1150 681 1196 solis
711 1151 784 1197 hic
813 1149 920 1192 mihi
958 1150 1179 1209 agendum
1223 1164 1314 1199 est.
1341 1151 1424 1195 hae

155 1231 200 1276 in
225 1243 270 1276 re
295 1228 489 1288 superari
510 1229 707 1274 nondum
741 1228 850 1272 mihi
879 1226 1128 1285 persuasum
1154 1241 1237 1272 est.
1273 1226 1422 1281 Nam,

154 1307 243 1354 sive
280 1305 533 1359 Rivini‚
579 1305 665 1350 five
699 1303 1151 1352 Tournefortii
1191 1306 1425 1362 systemata

150 1385 513 1436 confideremus,
549 1383 635 1430 five
671 1383 812 1430 Raii
849 1382 1066 1427 laudatam
1099 1382 1219 1428 illam
1248 1383 1427 1428 metho-

156 1464 265 1510 dum
308 1462 584 1514 naturalem,
650 1462 803 1515 nulla‚
840 1477 888 1508 ut
926 1463 1127 1518 videtur,
1165 1478 1214 1508 ea
1250 1467 1425 1509 ratione

160 1542 324 1589 sexuali
350 1539 593 1587 antecellit.
665 1540 733 1587 Ri
753 1542 804 1585 vi
824 1555 928 1587 nus
954 1543 1098 1592 enim,
1134 1540 1258 1602 leges
1288 1544 1425 1599 syste-

159 1621 291 1667 matis
332 1605 574 1664 artificialis
607 1632 813 1664 accurate
863 1619 1062 1673 secutus,
1110 1618 1249 1679 longe
1284 1621 1426 1679 magis

160 1711 292 1756 quam
330 1694 394 1744 Li
413 1710 522 1742 nna
539 1709 564 1740 e
581 1710 606 1740 u
625 1711 643 1740 s
677 1696 920 1742 naturalem
947 1697 1193 1756 plantarum
1218 1697 1428 1755 ordinem

158 1775 350 1824 divulfit.
419 1774 915 1821 Tournefortius
945 1788 990 1819 et
1017 1774 1242 1828 Βαίας,
1268 1789 1430 1833 quam-

163 1857 232 1903 vis
256 1854 379 1901 omni
413 1853 551 1903 modo
579 1856 805 1918 ingenium
832 1855 1069 1912 torserint,
1115 1866 1165 1900 ut
1202 1854 1426 1901 naturales

1362 1932 1430 1980 sa-

220 2055 298 2106 (ι)
331 2058 452 2096 Conf.
500 2056 786 2105 Adans0n‚
832 2058 922 2099 Lib.
960 2059 1030 2098 cit.
1076 2060 1110 2098 Ι.
1154 2071 1193 2107 p.
1230 2069 1322 2106 ¹97·
1355 2058 1425 2100 ubi

162 2128 210 2167 de
243 2129 623 2177 sextiali'systemate
655 2130 781 2168 dicit:
828 2159 856 2176 ,‚
891 2131 924 2167 ll
951 2144 996 2167 ne
1039 2132 1196 2176 remplit
1229 2142 1300 2176 qne
1345 2132 1425 2166 tres

161 2229 192 2250 ‚‚
223 2207 448 2244 ran-ment,
482 2213 532 2237 ou
558 2209 718 2249 presque
745 2201 849 2238 nulle
870 2208 996 2249 part,
1027 2200 1161 2239 l'obiet
1187 2193 1303 2247 qu'ztn
1346 2199 1423 2236 50-

164 2299 194 2320 „
224 2278 370 2307 tantste
405 2268 447 2315 fi'
483 2271 565 2307 doit
597 2271 778 2319 proposer
814 2284 857 2308 en
898 2272 1070 2308 damnant
1109 2282 1181 2307 una
1225 2268 1424 2315 memorie,

166 2370 195 2390 ‚‚
227 2342 294 2388 qui
323 2348 377 2376 est
401 2339 445 2375 de
469 2341 703 2390 rapproclzer
722 2345 774 2381 les
802 2342 957 2391 plantes
975 2368 987 2388 ,
1017 2342 1086 2388 qui
1114 2348 1178 2379 ont
1206 2341 1240 2377 le
1261 2341 1350 2389 plus
1380 2333 1429 2378 de*

161 2433 196 2460 ⁴„
226 2408 430 2460 rapport.''
555 2403 558 2406 ¹
