1643 2776
739 83 963 146 (6)

193 243 396 292 eiusdem
437 240 547 286 vitia
589 239 793 286 exhibui.
877 236 929 284 In
970 235 1283 283 enumerandis
1323 248 1473 283 autem

196 321 510 383 systematibus
566 333 669 364 eum
727 318 930 363 ordinem
985 318 1186 370 servavi,
1234 330 1311 370 ut,
1358 331 1474 369 quae

195 405 323 463 prius
349 399 467 443 edita
498 396 651 447 suere,
690 411 740 440 ea
770 410 815 441 et
850 395 944 455 ipse
985 397 1109 452 prius
1143 395 1474 451 describet-enm

196 480 491 539 quamobrem
536 489 580 520 et
627 479 794 535 cuique
852 475 1077 532 systemati
1129 489 1320 526 annum,
1382 487 1478 531 quo

195 560 396 617 primum
428 553 598 599 editum
627 551 792 608 fuerit,
833 553 1057 612 adposui:
1108 554 1302 614 denique
1331 553 1479 612 (ingu-

196 635 252 682 li³
282 634 526 692 cxpofitfs,
564 629 690 676 simul
716 630 914 677 breviter
943 645 993 675 ea
1009 629 1156 676 addidi
1177 665 1189 684 ‚
1221 629 1389 689 quibus
1403 643 1480 676 aut

198 711 422 770 culpanda
446 724 520 755 aut
547 709 763 755 laudanda
787 710 1028 755 methodus
1052 710 1297 754 videretur.

266 792 356 838 Iam
389 790 518 849 plura
551 789 773 835 monenda
802 803 874 834 rne
916 790 1081 835 habere
1116 803 1206 834 non
1247 802 1390 847 puto:,
1427 785 1481 832 fi.

199 869 358 915 denter
396 881 543 914 autern
573 865 666 923 ipse
706 880 856 912 meum
900 868 1152 922 iudicium,
1201 866 1278 912 ubi
1317 864 1480 912 diiudi-

198 950 347 994 cando
391 960 509 1005 opus
557 944 765 999 videtur,
815 944 1072 1003 proferam,
1130 944 1480 990 Ciceronis

198 1028 320 1073 illam
352 1026 609 1071 sententiam
639 1038 780 1070 meam
812 1026 1000 1071 omnino
1030 1023 1223 1070 faciens:
1263 1056 1295 1077 ,‚
1334 1022 1481 1081 sequi-

198 1139 233 1163 .„
270 1121 367 1150 mur
392 1102 673 1161 probabilia,
707 1134 756 1143 -
795 1117 840 1147 et
868 1102 1077 1148 refellere
1110 1102 1196 1146 fine
1233 1102 1480 1159 pertinacia

199 1218 234 1241 ‚‚
270 1198 314 1229 et
346 1182 488 1227 refelli
525 1183 610 1227 fine
635 1182 863 1230 iracundia
897 1182 1039 1242 parati
1081 1181 1168 1244 (ne
1201 1180 1346 1227 dicam
1380 1193 1480 1242 gra·

200 1294 235 1318 ‚‚
271 1262 378 1323 visi)
405 1260 588 1306 sumus”
613 1262 720 1321 (1).

257 1391 336 1446 (ι)
370 1394 494 1435 Tusc.
527 1394 689 1446 Quaest.
722 1396 792 1442 11,
825 1404 862 1432 c.
888 1405 929 1434 2.

1339 2455 1478 2504 SEC«
