1643 2776
657 46 690 110 (
763 61 850 106 104
916 45 960 110 3*

170 204 402 262 verimus3
450 205 661 264 perfecto
686 206 852 265 igitur,
888 216 935 250 et
971 207 1164 254 naturali
1202 219 1250 253 et
1304 200 1441 253 ar'tifia

171 288 274 336 ciali
307 291 349 330 in
390 286 509 330 hunc
538 299 684 341 usque
712 284 828 330 diem
854 282 1123 342 deficiente,
1148 300 1206 332 eo
1233 292 1442 343 uramur,

166 367 292 428 quod
338 367 546 422 proxime
586 364 638 408 ad
671 364 840 409 bonum
883 364 1083 409 accedat.

235 443 349 489 Tale
381 456 555 493 autem,
594 443 671 486 nifi
700 443 935 495 omnium,
973 455 1093 486 certe
1119 443 1162 488 in
1193 439 1285 486 hoc
1300 453 1440 500 opus-

166 521 278 571 culo
304 533 697 571 enumeratorum,
739 520 1026 578 systematum
1058 521 1282 579 optimum
1311 521 1440 566 sexu-

167 601 240 649 ale
296 601 552 659 praedicare
595 600 711 645 haud
760 597 956 652 dubito,
1005 597 1265 658 praesertim
1310 597 1338 642 fi
1385 610 1439 644 ea

165 684 370 729 ratione,
422 693 508 733 qua
552 678 771 731 diximus,
823 689 1040 722 mutatum
1086 675 1149 721 fit.
1251 673 1440 735 Iamque

163 773 239 806 me
273 758 592 805 demonstrasse
619 756 779 813 spero,
811 756 959 810 illud,
997 754 1203 813 quamvis
1233 752 1439 812 plurimis

165 839 331 885 scateat
356 839 476 882 vitiis
495 870 509 882 .
533 851 622 882 non
659 849 804 881 tamen
831 835 998 894 corrigi
1031 848 1122 880 non
1150 834 1280 892 posse
1302 865 1318 889 ,
1342 846 1387 879 et
1409 834 1441 881 fi

168 930 272 963 cum
314 917 541 974 prioribus
571 913 885 965 conferamus,
923 911 1059 972 longe
1100 915 1154 957 iis
1199 911 1444 959 antecelle-

168 1007 246 1046 re,
282 1007 416 1048 atque
444 990 558 1037 adeo
596 991 713 1034 vitiis
739 990 858 1045 illis,
894 989 1062 1048 quibus
1091 988 1264 1037 nullum
1303 991 1446 1048 syste-

171 1087 243 1119 ma
294 1072 482 1116 omnino
522 1084 614 1115 non
652 1069 901 1128 premitur,
963 1068 1099 1131 ipfius
1154 1069 1313 1117 merita
1346 1082 1442 1118 non

168 1149 418 1199 obscurari.
485 1148 561 1194 Sic
598 1149 775 1208 itaque:

239 1292 353 1343 Lin
370 1294 499 1339 naei
535 1290 733 1353 systema
780 1305 834 1338 re
877 1305 992 1340 vera
1043 1291 1164 1338 omni
1203 1289 1368 1338 honore
1403 1299 1447 1340 et

306 1371 439 1418 laude
485 1370 667 1433 dignum
703 1382 792 1425 est,
821 1368 867 1430 si
902 1373 1024 1418 modo
1060 1371 1196 1416 oculis
1231 1371 1291 1416 ab
1329 1371 1445 1417 invi-

307 1449 390 1496 dia
429 1459 473 1496 et
510 1448 729 1511 vituperii
763 1451 959 1513 pruritu
1011 1450 1174 1497 alienis
1222 1436 1445 1511 adspicia'·

307 1537 405 1576 tur.
1426 1515 1428 1518 ’

948 1605 978 1654 8
996 1619 1021 1653 c
1039 1605 1142 1652 hae
1158 1602 1184 1651 f
1190 1601 1216 1649 f
1222 1618 1248 1651 e
1264 1618 1326 1653 ru
1342 1619 1381 1655 s·
