1643 2776
679 85 939 151 (58)

241 254 320 304 33.
353 242 556 290 Arbores
574 255 623 290 et
648 242 837 291 frutices
863 243 1210 303 Monopetalae.

239 337 318 386 34.
354 349 836 364 —-·———-—
859 322 1110 371 Rolaceae.

685 481 710 543 ς
743 480 918 529 XLIV.

240 639 704 692 Boerhaavius,
744 651 880 697 quem
940 639 1103 684 merito
1150 637 1451 702 Sprenge·

179 717 307 765 lius
351 719 462 764 dicit
516 751 549 772 ‚,
586 718 748 763 Virum
792 730 837 760 et
888 715 1062 762 medxca
1107 729 1200 762 arte
1244 715 1451 764 felicisfi·

175 830 213 856 „
251 813 373 843 mum
401 810 446 842 et
477 798 681 845 chemiae
710 794 893 841 scientia
922 796 1227 843 doctissimum
1246 829 1261 849 ,
1309 798 1451 843 adeo-

178 910 213 934 „
250 892 341 934 que
380 878 537 936 pium,
592 878 849 935 integrum,
899 874 1154 921 modestum
1189 887 1236 920 et
1289 872 1452 921 libera-

177 989 211 1012 „
246 956 367 1005 lem,
403 968 453 999 ut
492 953 732 1000 intr-ortale
768 952 1024 1010 praebuerit
1053 954 1269 999 virtutum
1305 955 1454 1000 omni·

177 1069 212 1093 „
247 1050 321 1080 um
353 1034 588 1092 exemplar
618 1029 776 1093 (1)‚”
822 1034 888 1076 vir
917 1032 994 1077 ille
1032 1032 1146 1077 adeo
1193 1033 1450 1089 excellens,

181 1115 370 1174 systema
397 1114 440 1159 in
470 1113 701 1159 not-„micis
738 1109 1056 1167 imperfectum
1088 1111 1219 1159 valde
1259 1126 1454 1172 compo-

179 1193 293 1243 suit,
327 1193 451 1251 qnod
485 1205 660 1244 macter
698 1188 975 1248 praeclarum
1018 1205 1183 1238 nornen
1222 1192 1456 1245 auctoris,

181 1287 326 1332 panca
366 1268 594 1330 praeclara
631 1267 833 1313 exhibet.
903 1267 1151 1327 Postquam
1189 1270 1456 1317 Rivinus

183 1352 346 1398 herbas
369 1351 423 1392 ab
455 1347 696 1393 arboribus
729 1347 1018 1392 secernendas
1040 1362 1128 1392 non
1160 1351 1254 1393 esse
1288 1351 1335 1395 in
1361 1364 1458 1394 me-

187 1432 331 1479 thodo
379 1431 450 1474 sna
479 1429 765 1480 ostenderat,
816 1429 1045 1485 antiquam
1083 1426 1457 1476 Boerhaavi-

183 1526 250 1558 us
299 1509 459 1556 malam
514 1511 641 1553 istam
700 1506 1021 1564 separationem
1069 1507 1284 1552 retinuit:
1332 1521 1461 1568 post.

183 1605 317 1651 quam
355 1590 632 1636 Rivinus
672 1597 718 1630 et
764 1582 890 1629 Tou
912 1582 1276 1631 rnefortius
1323 1599 1458 1635 unam

187 1668 504 1718 tantummodo
543 1681 696 1712 notam
744 1662 948 1709 clasfium
993 1661 1338 1711 fundamentum
1377 1664 1462 1711 eli·

186 1751 376 1812 gendnn
421 1748 513 1793 esse
542 1745 760 1805 exemplo
794 1743 1069 1797 docuerant,
1116 1742 1196 1789 ille
1232 1745 1463 1803 antiquio·

186 1844 285 1877 rum
335 1827 526 1886 vestigia
579 1837 787 1883 premens
838 1824 891 1868 ad
930 1823 1116 1882 plures,
1166 1824 1220 1868 ad
1259 1821 1462 1871 fructum

186 1922 383 1967 nempe,
420 1903 639 1951 corollam
672 1917 718 1948 et
743 1902 1046 1960 cotyledones
1077 1900 1284 1947 attendit.
1332 1902 1462 1949 Mul-

190 1990 246 2032 tis
275 1989 363 2031 hoe
389 1985 576 2043 systema
605 1984 728 2027 vitiis
762 1983 929 2038 scatet,
967 1992 1161 2028 attamen
1201 1982 1246 2027 in
1283 1980 1462 2029 laudem

190 2063 228 2109 B
246 2079 311 2108 oe
330 2065 390 2109 rh
409 2079 509 2109 aav
527 2065 570 2108 ii
599 2061 839 2108 dicendum
859 2075 953 2116 est,
989 2060 1131 2121 ipsum
1158 2062 1200 2105 in
1220 2063 1463 2122 generibus

189 2143 516 2191 constituendis
550 2140 1089 2190 Tournefortium
1139 2142 1224 2186 rite
1261 2138 1465 2188 secutum

1394 2229 1468 2266 es·

248 2381 326 2435 (1)
360 2382 459 2421 llist.
491 2380 547 2421 rei
579 2381 810 2429 herbariae,
843 2380 892 2419 T.
924 2381 976 2418 11.
1007 2391 1049 2429 p.
1085 2389 1180 2428 199.
