1643 2776
673 122 700 177 (
770 131 828 181 19
890 115 921 179 )

744 271 894 332 §XL

242 435 311 483 Ut
355 446 554 480 veterum
595 431 764 486 multa,
816 433 876 476 ita
919 444 965 477 et
1005 431 1096 479 hoc
1137 433 1322 490 systema
1372 447 1440 483 est

181 512 367 571 systema
386 511 612 561 naturale,
639 508 950 556 artificialibus
967 511 1255 557 constitutum
1278 512 1440 558 funda-

181 591 361 637 mentis.
430 591 493 636 Et
517 591 666 649 primo
693 589 874 650 quidem
906 591 948 633 in
980 603 1037 634 eo
1064 591 1221 635 vitium
1250 590 1442 637 offendi-

178 681 306 722 mus,
337 669 461 728 quod
480 668 639 714 herbas
661 681 706 712 et
725 665 975 712 suffrutices
1002 669 1057 713 ab
1077 669 1313 714 arboribus
1332 684 1438 714 auc·

179 758 252 793 tor
280 747 496 802 secrevit,
528 760 662 804 quam
689 757 834 791 tamen
867 742 1128 789 divisionem
1153 749 1197 793 in
1226 750 1442 795 omnibus

178 840 280 872 ante
297 824 341 871 R
359 828 370 870 i
386 841 413 870 v
430 827 441 869 i
459 840 527 871 nu
546 839 586 869 m
609 823 946 882 systematibus‚
975 826 1082 881 quin
1103 826 1237 869 etiam
1258 827 1300 869 in
1323 827 1440 872 mul-

181 905 238 948 tis
256 917 360 964 post
374 918 474 948 eum
490 904 621 947 etiam
652 903 914 959 reperimus·
950 899 1116 945 Certus
1134 915 1280 947 autem
1306 902 1436 951 limes

165 983 296 1042 ⁸inter
325 982 484 1027 herbas
510 993 554 1026 et
581 980 763 1026 arbores
791 980 978 1025 inveniri
996 993 1087 1026 non
1118 993 1299 1038 potest,
1335 998 1439 1029 narn

163 1076 226 1108 -et
272 1061 451 1106 climate
489 1073 534 1106 et
568 1060 744 1105 cultura
780 1058 908 1117 saepe
952 1061 1112 1107 herbas
1147 1062 1191 1105 in
1220 1061 1440 1118 frutices,

160 1139 460 1197 ‘fruticesque
498 1139 541 1185 in
577 1139 760 1184 arbores
801 1140 986 1190 mutari,
1035 1142 1308 1197 experientia
1342 1156 1443 1186 om·

177 1220 396 1278 niumque
436 1216 637 1262 melioris
671 1229 803 1261 notae
835 1217 1151 1264 botanicorum
1194 1217 1439 1265 consensus

181 1294 283 1342 satis
340 1295 561 1355 superque
599 1295 851 1340 docuerunt
891 1294 1015 1355 (1);
1066 1309 1198 1353 quam
1235 1298 1297 1341 ob
1343 1311 1441 1345 rem

180 1376 347 1419 merito
406 1374 515 1418 haec
562 1372 720 1417 divisio
757 1386 782 1416 a
821 1370 1082 1425 Rivino,
1137 1373 1437 1429 Limnaeo,

180 1451 372 1510 aliisque
435 1451 601 1495 reiecta
656 1462 738 1495 est.
866 1447 1048 1494 Deinde
1101 1450 1318 1509 systema,
1352 1455 1442 1500 hoc

180 1533 237 1578 iis
273 1529 394 1577 forte
440 1529 722 1590 temporibus
769 1526 1045 1585 sufficiebat,
1092 1545 1227 1588 cum,
1279 1532 1445 1578 minori

1320 1609 1452 1669 plan·

244 1753 321 1806 (ι’,
352 1753 446 1793 Vid.
488 1754 799 1797 Linnaeus,
846 1751 884 1788 in
928 1751 1035 1791 Phil.
1067 1754 1157 1792 Bot.
1189 1750 1344 1803 §2o9,
1378 1756 1451 1794 ubi

178 1824 311 1863 dicit:
356 1853 386 1870 ‚‚
420 1823 572 1863 Divisio
617 1824 655 1860 in
699 1822 857 1861 arbores
900 1833 936 1859 et
980 1823 1118 1861 herbas
1161 1823 1322 1863 videtur
1364 1827 1450 1865 esse

183 1923 213 1942 ‚,
245 1894 345 1933 adeo
371 1895 553 1932 naturalis
584 1894 690 1932 acin
720 1893 757 1930 se
796 1893 1040 1931 fallacissima
1084 1903 1122 1931 et
1162 1893 1372 1943 lubrica''‚
1406 1908 1447 1937 et

184 1966 225 2003 in
269 1965 430 2014 epistola
471 1963 517 2002 ad
559 1965 847 2002 Hailernm
889 1959 1000 2015 (vid.
1031 1966 1237 2003 Collectio
1269 1967 1378 2016 epist.
1404 1981 1447 2020 p.

183 2035 276 2084 25).
339 2063 368 2082 ,‚
404 2035 574 2072 Arbores
604 2045 641 2071 et
670 2034 808 2073 herbas
851 2034 1146 2082 coniungendas
1191 2036 1272 2073 esse
1314 2037 1446 2086 sequi-

186 2138 217 2157 „
248 2121 309 2147 tur
339 2119 376 2146 e:
407 2109 452 2146 ab
483 2109 768 2158 inspectatione
807 2110 1042 2156 plantarum.
1090 2104 1185 2153 quid
1217 2107 1319 2144 enim
1363 2108 1443 2147 dif-

185 2209 215 2228 ,‚
248 2181 323 2217 sert
353 2181 474 2218 herba
517 2181 562 2218 ab
605 2178 804 2218 arbore?’'
855 2176 965 2214 cons.
1011 2175 1126 2212 etiam
1168 2175 1442 2226 Linnaei,

175 2252 454 2300 praelz'ctiones
498 2252 537 2287 in
595 2251 747 2287 ordines
791 2250 1024 2292 naturales,
1081 2256 1243 2284 curante
1298 2247 1341 2286 P.
1389 2249 1444 2290 D.

187 2320 791 2367 Gieseke,lrlamb.1792.
828 2331 870 2368 p.
898 2329 967 2367 23.
999 2329 1038 2357 et
1072 2316 1442 2366 Willdenow,

185 2389 486 2433 Krc'iuterkunde
517 2392 538 2441 ξ
575 2402 668 2438 132.
699 2401 736 2427 et
770 2396 867 2435 395.

730 2458 767 2504 Β
803 2472 830 2503 2
