1643 2776
699 122 957 190 (77)

330 343 673 398 CAPUT
735 340 1356 393 SECUNDUM.

262 560 388 610 Quo
421 555 782 593 mutetis-un
826 526 1152 587 saxuams¹
1193 549 1408 586 svs‘ra·

469 635 672 671 Maris
723 631 1212 667 PRAEsTANTm.

727 813 756 875 s
789 811 942 862 Lvn.

201 955 418 1060 Primo
457 1002 566 1050 loco
598 1000 852 1061 spectemus
880 996 999 1044 bafin
1040 998 1291 1056 systematis
1324 997 1479 1046 sexua·

207 1079 296 1134 lis,
343 1084 472 1128 cuius
497 1095 610 1140 -prae
646 1081 836 1125 caeteris
878 1076 1138 1136 praestantia
1163 1076 1389 1135 indicata,
1424 1077 1480 1125 ad

201 1157 345 1219 ipsum
377 1161 563 1217 systema
589 1155 908 1203 vindicandum
936 1156 1225 1202 accedamUS.

269 1236 367 1298 Qui
407 1252 510 1283 ante
547 1236 888 1283 Linnaeum
931 1231 1164 1290 systemata
1201 1233 1477 1287 condidere,

199 1312 432 1369 fructum,
462 1313 715 1366 corollam,
751 1312 825 1358 vel
851 1311 1055 1370 calycem
1103 1325 1329 1370 tamquam
1372 1324 1479 1357 nor-

200 1407 316 1439 mam
345 1393 442 1437 eius
469 1391 792 1439 adhibuerunt.
863 1391 1020 1448 Itaque
1047 1391 1242 1446 primum
1281 1389 1336 1434 de
1375 1389 1475 1444 his,

199 1485 310 1517 mox
337 1468 392 1515 de
415 1470 673 1516 staminibus
701 1483 746 1514 et
786 1468 969 1527 pistillis
1000 1467 1249 1514 videamuS.

266 1548 484 1596 Fructum
517 1547 696 1595 firmum
729 1548 822 1594 esse
850 1547 1101 1604 systematis
1129 1546 1477 1594 fundamentum

202 1627 500 1686 systematicis
552 1626 664 1672 olim
717 1624 971 1685 persuasum
1020 1639 1129 1671 erat.
1207 1626 1439 1673 Rivinu
1459 1641 1481 1672 s

202 1707 319 1751 hanc
362 1705 621 1751 sententiam
666 1706 753 1750 iam
789 1705 1100 1764 impugnavit,
1150 1703 1478 1751 Linnaeus

199 1781 351 1829 falsam
380 1782 476 1827 esse
502 1783 710 1842 pluribus
723 1782 953 1841 exemplis
981 1781 1139 1829 docuit
1161 1781 1256 1845 (ι).
1293 1782 1366 1828 ΕΧ
1387 1783 1477 1828 hoe

200 1861 328 1908 fonte
368 1862 551 1920 plurimi
602 1875 804 1907 veterum
857 1863 900 1906 in
939 1861 1249 1920 systematibus
1301 1876 1479 1908 errores

200 1940 446 1986 derivandi.
511 1937 633 1986 Hinc
674 1941 947 1996 systematici
973 1939 1239 1992 fructistae‚
1287 1942 1364 1998 qui
1392 1955 1477 1986 vo-

200 2031 388 2068 cantur,
423 2017 495 2063 vel
522 2019 575 2063 ad
606 2018 712 2063 alias
749 2033 883 2073 quam
910 2018 1079 2064 fructus
1104 2032 1232 2064 notas
1280 2017 1478 2077 respice·

201 2109 276 2147 re,
311 2095 385 2140 vel
427 2094 698 2141 anomalium
744 2095 902 2141 classes
949 2098 1144 2140 condere
1169 2096 1475 2154 cogebantur,

199 2173 272 2218 vel
307 2174 359 2224 fi,
395 2187 443 2218 ut
475 2174 818 2222 Camellus.
854 2174 908 2219 ad
936 2173 1132 2220 fructum
1164 2174 1303 2219 modo
1345 2187 1390 2218 et
1422 2173 1478 2220 ad

199 2250 328 2298 illum
363 2265 451 2298 una
499 2266 668 2300 tantum
718 2254 891 2301 ratione
929 2255 1237 2309 attenderent,
1286 2251 1478 2311 systema

1416 2331 1481 2377 ob

260 2407 339 2461 (ι)
372 2409 465 2451 vid.
489 2410 598 2451 Phil.
630 2414 722 2455 Bot.
759 2414 780 2464 §
815 2414 924 2463 176,
961 2423 1039 2464 177
1071 2422 1110 2452 et
1146 2414 1241 2461 183.
