1643 2776
706 66 735 127 Ε
809 78 870 126 39
934 62 965 129 ).

693 218 722 278 §
757 214 978 265 xxvm.

278 348 541 400 Dolendum
562 363 655 403 est,
693 347 812 393 Her
831 361 1103 395 mannum
1129 340 1271 409 aeque
1303 363 1354 397 ae
1385 348 1463 410 qui

216 442 321 476 eum
331 431 657 477 antecesserunt
671 461 685 480 ‚
708 427 862 473 herbas
880 427 936 471 ab
953 428 1185 472 arboribus
1203 429 1435 473 secrevisse
1449 460 1467 482 ‚

215 506 450 566 ipsumque
480 507 723 553 fructistam
758 509 888 552 etiam
918 504 1126 550 coronae-
1145 507 1359 550 ration‘em
1390 506 1470 550 ha-

217 584 378 631 buisse.
448 585 572 631 Male
610 600 744 645 porro
781 579 1077 643 AEperzfhlias
1118 583 1267 628 habitu
1300 600 1324 629 a
1357 583 1473 627 Ver-

215 659 423 708 ticillatis
440 664 666 714 distinxit,
704 662 816 709 male
843 658 1108 721 (','0772p0stms
1142 663 1185 706 in
1213 660 1475 706 Lactescen·

215 747 279 784 tes
310 753 354 784 et
386 741 695 801 Pappescentes
725 740 896 794 divisit,
931 739 1133 796 aliosque
1163 741 1256 783 eius
1297 741 1473 798 generis

220 830 395 863 errores
429 820 666 863 commifit.
739 817 866 864 Hanc
910 830 1054 863 autem
1087 816 1346 862 methodum
1376 817 1476 874 plu·

218 894 342 940 rimis
384 899 503 941 vitiis
540 897 803 945 maculatam
842 895 934 940 esse
977 896 1068 954 ipse
1113 894 1300 938 sentiens
1337 892 1477 940 Her-

217 986 496 1028 manum,
547 977 673 1021 aliam
716 976 846 1021 edere
889 975 931 1018 in
974 978 1124 1019 animo
1164 974 1350 1033 habuit,
1405 970 1479 1019 sed

220 1063 346 1096 mors
374 1066 473 1096 eum
505 1054 549 1099 in
576 1052 671 1111 ipso
695 1066 834 1108 opere·
861 1053 994 1097 rebus
1033 1053 1236 1097 humanis
1277 1051 1479 1108 eripuit,

220 1141 325 1173 cum
352 1129 496 1180 hanc,
534 1143 623 1174 non
655 1143 876 1188 tamquam
925 1142 1175 1176 accuratam
1220 1142 1267 1173 et
1305 1125 1483 1184 perfec-

221 1212 307 1252 tam
362 1209 499 1254 modo
519 1242 534 1263 ,
597 1207 669 1253 sed
714 1209 757 1255 in
809 1208 1006 1254 tironum
1047 1210 1262 1268 gratiam,
1315 1220 1362 1250 ut
1403 1220 1483 1252 eos

221 1284 267 1329 in
305 1282 449 1329 studio
495 1284 772 1338 sublevaret,
821 1285 1012 1330 ediderit
1043 1285 1147 1342 (r).
1254 1279 1312 1329 Et
1355 1286 1482 1336 sane,

221 1361 265 1406 fi·
309 1374 365 1405 eo
420 1364 626 1420 respectu
681 1378 772 1409 rem
826 1362 1186 1413 confideremuQ
1252 1355 1351 1405 satis
1408 1363 1486 1406 be*

220 1450 278 1485 ne
331 1435 708 1486 Her-mannus
759 1442 1039 1499 propositum
1082 1439 1278 1498 attigisse
1331 1439 1486 1487 dicen·

223 1513 305 1562 dus
337 1530 417 1562 est.
487 1517 666 1564 Etenim
710 1518 921 1566 omnibus
958 1521 1228 1564 enumeratis
1270 1521 1359 1567 hoc
1398 1511 1500 1578 sysa'

224 1608 366 1646 tenta,
403 1597 524 1654 quod
551 1596 604 1642 ad
633 1596 895 1645 facilitatem
943 1612 987 1644 et
1026 1589 1388 1657 perspicuitatem
1434 1601 1490 1642 ti.

222 1674 446 1725 mnibus,
490 1673 628 1734 longe
664 1677 910 1724 antecellit.
995 1678 1188 1723 Secutus
1231 1672 1305 1722 est*
1347 1674 1428 1722 He
1447 1692 1488 1722 r·

225 1755 419 1799 manni
467 1751 651 1811 systema
692 1753 851 1806 Laur.
894 1753 1223 1802 Heisterus
1264 1753 1381 1814 (2),
1432 1754 1487 1800 il-

226 1827 398 1888 ludque
418 1827 617 1876 defendit
646 1829 688 1877 H
708 1846 730 1876 e
748 1849 768 1877 r
785 1848 824 1878 m
842 1848 905 1880 an
924 1833 986 1879 ni
1015 1832 1262 1896 discipulus
1299 1833 1409 1881 Ola
1425 1845 1452 1879 u
1469 1845 1489 1878 s

226 1906 944 1972 Rudbeckiu3,1un.(3)·

1386 1977 1496 2024 CA·

285 2058 364 2113 (1)
395 2063 581 2105 Testante
625 2065 648 2103 S
666 2065 687 2102 h
707 2076 727 2104 e
746 2077 763 2105 r
778 2079 798 2108 a
813 2077 829 2104 r
843 2064 867 2103 d
887 2077 913 2104 o
929 2094 941 2114 ‚
973 2066 1153 2117 inpraefi
1177 2068 1232 2105 ad
1254 2068 1490 2116 Paradisum

232 2132 446 2174 Batavum.

287 2198 364 2251 (2)
398 2205 441 2243 In
474 2204 681 2253 systemate
713 2209 937 2258 ¹issant-arum
965 2209 1132 2258 generali
1165 2219 1187 2246 e
1221 2209 1494 2248 fructificatio-

234 2283 311 2319 ne,
345 2274 503 2313 Heimst.
542 2278 660 2326 1748.

288 2340 369 2396 (3)
403 2346 455 2382 In
475 2344 744 2386 dissertatione
774 2349 823 2388 de
855 2350 1130 2388 fundamental?
1168 2352 1381 2399 plantarum
1422 2358 1496 2387 ησ-

236 2414 321 2452 titia
350 2424 460 2452 recte
488 2417 754 2465 acquirenda,
789 2421 894 2461 Trai.
919 2419 1183 2459 ati-Rhenum
1218 2421 1343 2468 1690·
