1643 2776
680 105 931 182 (51)

170 269 680 326 Tournefortius
714 287 835 320 anno
879 272 999 332 1694
1029 274 1112 319 iam
1155 273 1311 333 10146
1347 272 1451 333 spe-

173 359 270 404 cies
295 358 545 419 cognovit,
583 368 686 400 cum
718 351 833 400 Lin
853 367 1004 400 naeo
1038 355 1081 399 in
1109 356 1253 413 prima
1281 354 1450 412 specie·

177 449 277 482 rum
293 437 527 489 editione,
562 447 679 479 anno
709 443 860 491 1753,
888 445 979 478 non
1006 431 1303 492 pluresquam
1322 445 1452 490 7300

180 511 496 559 innotuissent.
593 510 682 557 Hic
720 512 838 557 enim
894 510 1129 556 varietates
1182 508 1236 555 ad
1282 509 1455 567 species

179 591 360 637 summo
408 592 504 635 iure
556 587 766 642 reduxit,
815 588 942 648 quod
1003 586 1068 632 illi
1122 587 1237 632 vitio
1279 601 1458 633 vertere

177 668 262 715 Ad
280 683 342 713 an
361 669 575 714 sonius
613 667 704 730 (1)
745 682 835 713 non
875 665 1105 711 debuerat.
1175 666 1342 711 Sexum
1377 680 1458 712 au-

182 759 274 790 tem
315 747 657 803 haudquaquam
704 746 890 807 agnovit
933 742 1456 799 Tournefortius,

181 826 293 882 quin
329 824 508 872 stamina
530 837 576 870 et
601 824 774 886 pistilla
798 822 1052 885 plantarum
1082 823 1179 868 vasa
1208 823 1461 870 excretoria

184 903 360 950 habuit.

677 1059 706 1119 §
737 1055 962 1105 XXXIX.

250 1216 478 1264 Ultimum
499 1217 695 1276 denique
709 1231 754 1262 et
769 1216 949 1261 maximi
965 1214 1184 1260 momenti
1199 1228 1357 1263 contra
1372 1217 1463 1264 hoc

189 1296 377 1354 systema
395 1308 711 1355 argumentum
747 1293 916 1338 auxilio
945 1295 1109 1338 veniat.
1192 1294 1234 1340 T
1251 1310 1280 1340 0
1295 1311 1320 1341 u
1338 1311 1359 1340 r
1375 1313 1402 1342 n
1419 1310 1469 1341 e-

187 1373 253 1419 fo
269 1389 289 1418 ι·
304 1387 320 1418 t
337 1375 390 1419 iu
408 1389 426 1418 s
443 1373 613 1419 scilzcet
627 1373 669 1416 in
688 1375 938 1430 systemate,
958 1386 1004 1416 ut
1020 1371 1214 1417 diximus
1229 1406 1243 1426 ‚
1261 1375 1466 1421 corollae

190 1454 386 1498 maxime
422 1454 653 1503 inuitum,
689 1449 813 1507 quod
846 1450 1091 1507 iystematis
1122 1449 1465 1499 fundamentum

186 1529 433 1590 admodum
461 1531 684 1576 incertum
717 1527 909 1573 videtur.
948 1526 1160 1587 Namque
1175 1543 1220 1574 et
1245 1530 1290 1575 in
1315 1530 1470 1579 multis

191 1611 436 1673 generibus
473 1612 617 1656 variae
663 1609 838 1668 species
869 1618 915 1651 et
957 1607 999 1650 in
1041 1608 1196 1652 iisdem
1230 1609 1469 1667 speciebus

194 1687 393 1750 fingulae
435 1687 644 1748 plantae,
691 1686 817 1745 quod
861 1683 916 1728 ad
954 1684 1158 1731 corollae
1199 1687 1386 1747 figuram
1423 1704 1472 1737 et

177 1780 431 1812 numerum
468 1767 595 1824 saepe
619 1779 893 1826 magnopere
931 1763 1171 1822 differunt,
1209 1767 1336 1825 quod
1362 1766 1472 1826 plu-

193 1846 320 1892 rimis
351 1845 573 1903 exemplis
599 1843 755 1889 docuit
785 1842 824 1889 L
845 1843 855 1886 i
877 1857 901 1886 n
921 1856 949 1887 n
966 1858 988 1887 a
1006 1856 1031 1887 e
1049 1858 1076 1889 u
1093 1858 1113 1888 s
1154 1856 1200 1888 et
1224 1845 1470 1903 scriptores

171 1923 409 1972 ·B0tanici
438 1937 546 1985 post
578 1936 684 1969 eum
721 1921 1046 1969 confirmarunt
1073 1920 1182 1985 (ε).
1287 1922 1471 1973 Genera

1391 2016 1474 2049 au-

259 2178 336 2232 (ι)
367 2183 478 2221 Fam.
509 2182 572 2221 des
593 2180 867 2232 plantesprcf'.
890 2194 930 2231 p.
955 2191 1064 2231 115',
1097 2182 1310 2222 ubidicit:
1341 2213 1370 2232 „
1406 2186 1472 2227 Μ.

199 2279 231 2303 ,,
263 2255 295 2293 L
313 2255 323 2291 i
341 2264 364 2290 u
382 2264 402 2289 n
421 2266 441 2292 a
458 2263 478 2290 e
494 2264 547 2291 us
564 2282 576 2299 ‚
609 2263 686 2300 par
713 2266 765 2291 un
794 2255 875 2289 zet:
891 2262 973 2290 tres
997 2255 1272 2293 comlamnable
1300 2267 1326 2293 a
1355 2259 1471 2297 voum

202 2352 232 2374 ‚,
262 2337 307 2363 en
340 2334 444 2372 1735
470 2323 692 2372 supprimet*
719 2331 843 2361 toutcs
872 2335 928 2360 ces
954 2325 1169 2363 varie:‹‚⁵s.'·
1200 2352 1201 2356 ,

256 2392 338 2448 (2)
370 2395 494 2437 Conf.
539 2394 812 2439 Liuinei,
843 2392 950 2435 Phil.
978 2394 1070 2433 Boc.
1115 2396 1136 2445 §
1170 2397 1246 2444 169
1286 2405 1324 2434 et
1374 2398 1471 2440 182.

763 2461 811 2509 D
848 2475 877 2508 2
1311 2468 1469 2509 wilt.
