1643 2776
676 58 939 121 (ar)

172 217 460 269 scrutatorem
484 229 578 261 non
610 211 853 273 aliquando
891 213 1012 260 lente
1049 215 1252 277 indigere
1288 231 1334 263 et
1371 219 1440 265 vi·

172 307 271 340 rum
310 293 697 338 observationibus
738 290 960 337 assuetum
1000 294 1077 340 has
1110 309 1255 353 partes
1305 281 1458 360 facile¹

169 372 341 426 absque
380 372 688 428 microscopio
729 367 982 416 discernere
1021 371 1185 430 posse:‚
1235 379 1444 435 cogitent

171 445 508 494 Linnaeum
557 447 700 506 ipsum
734 459 905 510 *omnes
954 449 1032 495 has
1080 463 1228 507 partes
1269 451 1444 510 semper

167 527 339 582 absque
380 526 497 570 lente
541 524 825 584 conspexisse
872 524 962 586 (1)
997 541 1043 572 et
1095 527 1138 573 in
1198 542 1444 592 cryptoga·

171 607 300 659 micis
345 602 627 650 Dillenii
673 604 955 649 characteres
994 605 1085 650 illis
1139 605 1444 654 Michelii

168 680 499 742 anteposuisse.
535 682 748 739 quoniam
780 681 823 726 hi
861 678 1137 730 difficiliores
1180 677 1309 737 sunt,
1355 698 1443 731 nec

168 761 258 806 fine
325 760 445 805 lente
504 758 699 819 indagari
765 761 967 818 possunt.
1086 761 1328 821 Denique,
1393 771 1447 808 ut

166 836 497 885 Browallii
534 837 618 882 hac
660 835 715 882 de
754 851 802 882 re
841 838 989 882 verbis
1040 851 1170 893 utar,
1217 874 1253 895 ,‚
1291 840 1318 885 fi
1366 841 1444 889 vel

167 946 203 973 ,,
247 918 442 968 maxime
502 916 692 962 sensibus
757 913 1014 962 rudioribus
1082 919 1228 964 minus
1290 916 1446 965 forent

167 1022 216 1052 „¹
236 995 399 1040 obviae
433 1006 568 1039 notae
594 992 980 1040 characteristicae
1003 1007 1029 1039 a
1070 993 1111 1042 L
1128 998 1139 1041 i
1157 1010 1349 1043 nnaeo
1376 1010 1451 1045 as·¹

169 1105 204 1131 „
241 1074 436 1126 sunitae3
482 1070 679 1116 leviores
717 1083 862 1116 tamen
906 1073 1030 1124 sunt,
1077 1087 1193 1134 quae
1234 1088 1446 1122 accurata

171 1183 206 1210 „
240 1150 469 1210 diligentia
491 1148 682 1207 superati
707 1148 919 1208 possunt,
953 1147 1270 1205 difficultates,
1305 1167 1445 1210 quam

170 1261 206 1287 „
241 1243 356 1286 quae
383 1224 700 1272 incertitudine
738 1226 1086 1286 pertinacissima
1130 1243 1177 1274 et
1215 1231 1447 1289 insupera-

169 1334 207 1365 „
241 1306 322 1353 bili
357 1305 637 1351 muniuntur.
671 1321 721 1332 -
753 1301 857 1350 Nec
891 1302 1060 1350 laboris
1096 1317 1142 1351 et
1183 1308 1446 1356 attentionis

1308 1418 1346 1444 υ
1378 1388 1455 1450 Ρῑτ

171 1541 504 1592 Ηοιιῑιιιγη,
535 1538 636 1580 Nat.
660 1538 762 1590 Hist.
793 1540 913 1582 Amst.
949 1551 1070 1591 1773.
1089 1543 1154 1582 IIe
1170 1544 1330 1583 DeelIe
1346 1542 1448 1584 Stuk

170 1626 213 1664 p.
250 1624 348 1662 249.
400 1611 892 1662 Siegesbeckius,
951 1612 1140 1661 Epierisis
1180 1624 1261 1654 etc.
1302 1627 1345 1665 p.
1387 1624 1448 1666 49

168 1693 210 1722 et
245 1695 314 1731 50.
1433 1735 1436 1738 *

225 1748 304 1803 (ι)
337 1754 620 1792 Linnaeus
654 1751 976 1805 (observationes
1020 1752 1058 1789 in
1085 1764 1209 1801 regno
1241 1754 1449 1804 vegetabi-

170 1824 215 1864 li.
246 1821 336 1873 17.)
370 1824 453 1874 ipse
494 1822 655 1863 scribit:
689 1852 718 1871 ‚,
751 1823 990 1861 Methodum
1021 1835 1143 1863 meam
1171 1824 1446 1865 difficultatem

171 1919 202 1943 ,‚
233 1903 366 1944 patere
407 1894 559 1932 nimiam
597 1894 789 1932 harriolor
827 1894 1042 1933 Botanieos
1087 1895 1159 1933 iam
1189 1895 1353 1943 dicere,
1399 1896 1450 1936 ad

175 1963 511 2014 „examinandas
541 1974 680 2013 nempe
707 1974 834 2013 partes
863 1963 930 2002 has
968 1964 1144 2003 minimas
1193 1965 1330 2012 floris,
1375 1968 1448 2007 vix

175 2063 206 2084 „
238 2034 352 2071 nudis
397 2033 527 2071 ocuiis
567 2033 814 2081 conspicuas.
879 2033 1152 2082 Respondeo:
1195 2035 1334 2083 quodfi
1369 2038 1457 2076 mi*

175 2133 206 2155 „
239 2106 521 2153 croscopium‚
586 2104 879 2142 instrumentum
938 2104 1107 2142 maxime
1159 2107 1450 2156 necessarium,

175 2203 205 2224 „
236 2175 367 2222 quivis
400 2174 574 2212 curiosus
607 2174 739 2211 secum
767 2174 936 2222 habeat,
973 2172 1068 2220 quid
1086 2176 1173 2222 plus
1191 2179 1321 2224 opus?
1356 2177 1446 2223 Ego

168 2275 204 2296 v
236 2255 362 2283 tamen
402 2246 617 2284 examinavi
653 2246 726 2283 hos
773 2254 908 2282 omnes
945 2245 1159 2293 plantarum
1192 2246 1310 2285 flores
1338 2246 1458 2291 nuda

170 2342 207 2367 ‚,
239 2318 362 2355 oculo
380 2343 392 2363 ,
423 2315 568 2365 absque
597 2316 702 2355 omni
730 2313 1091 2363 microscopiorum
1118 2313 1232 2356 usu.''

759 2379 802 2435 F
