1643 2776
675 115 937 180 (80)

161 290 274 327 vero
300 275 460 322 vftium
497 288 589 321 non
627 272 889 322 staminibus
915 289 1113 332 tantum,
1163 292 1443 328 vet-umma-

162 359 234 421 gis
264 359 394 401 etiam
424 356 545 399 notis
577 353 953 400 charactertstfcis
997 360 1200 415 priorum
1231 361 1442 415 systema·

163 449 258 484 tum
291 437 569 494 imputatur..
598 427 756 490 'neque
784 435 841 479 iva
872 432 1003 478 facile
1032 438 1075 481 in
1110 436 1328 482 artificiali
1350 438 1439 497 sys-

163 528 330 562 temate
354 515 509 558 evitari
537 525 688 570 potest
776 510 1000 557 Plurimos
1027 527 1176 557 autem
1205 514 1436 559 characte-

159 609 232 642 res
264 593 345 640 hae
371 604 521 652 partes
546 591 787 647 praebent,
823 593 989 649 quibu<
1032 593 1192 638 classes
1236 607 1279 637 et
1316 591 1440 637 ordi-

156 685 238 718 nes
281 671 453 727 absque
504 669 771 715 confufione
824 670 1147 716 constituantur
1189 685 1234 715 et
1269 685 1435 732 genera

156 749 330 805 saepius
370 749 547 806 optime
589 747 931 807 dtstinguantur.
1005 749 1053 795 In
1093 749 1250 805 calyce
1284 763 1328 793 et
1354 763 1437 795 co·

152 827 270 875 rolla
314 824 500 871 dubium
550 824 675 881 saepe
712 840 939 881 remanet,
987 828 1093 873 fitne
1131 842 1258 887 pam,
1298 841 1433 886 quam

153 907 389 955 videmu3‚
426 902 590 961 calyx,
636 917 688 950 an
721 902 843 950 forte
882 905 1075 952 corolla.
1146 906 1194 950 ln
1240 906 1434 952 stamini-

154 986 239 1031 bus
292 995 439 1028 autem
493 994 538 1026 et
581 981 760 1040 pistillis
801 984 907 1030 huic
947 985 1254 1029 incertitudini
1301 983 1436 1030 locus

151 1077 246 1112 non
293 1062 437 1107 datur.
542 1059 759 1118 Denique
805 1062 884 1108 hae
929 1075 1078 1122 partes
1135 1064 1176 1107 in
1218 1063 1434 1114 omnibu,

153 1141 405 1205 plantarum
439 1139 674 1198 speciebus
697 1138 883 1195 adluntz,
921 1141 1046 1196 plura
1077 1157 1272 1201 namque
1292 1157 1435 1202 gene·

153 1235 199 1267 ra
228 1231 381 1265 carent
410 1217 595 1275 calyce,
633 1231 787 1264 carent
813 1219 1014 1272 cowll-<13
1054 1222 1173 1267 nulla
1202 1235 1310 1264 vero
1333 1221 1435 1277 spe·

149 1305 245 1349 cies
284 1300 546 1346 staminibus
590 1299 829 1358 pistillisve
860 1298 1052 1344 distituta
1090 1315 1172 1346 est.
1256 1300 1438 1346 Inveni·

149 1395 322 1431 untur,
369 1377 538 1428 fateor,
589 1378 862 1434 quandoque
900 1377 1075 1434 plantae
1112 1381 1166 1423 iis
1214 1378 1426 1429 orbatae,

149 1457 221 1502 sed
255 1457 336 1500 hae
362 1456 431 1501 vel
463 1455 596 1501 flores
637 1456 799 1516 plenos
828 1455 1019 1505 habent,
1073 1456 1141 1500 vel
1183 1471 1208 1500 e
1249 1454 1431 1501 diclini·

145 1535 230 1580 bus
269 1534 398 1587 sumt,
452 1534 629 1578 illarum
675 1532 808 1578 flores
840 1533 1029 1578 monstra
1071 1534 1201 1590 sunt,
1242 1535 1431 1582 harum,

143 1614 172 1659 fi
242 1613 368 1672 plura
422 1614 623 1658 eiusdem
674 1613 840 1669 speciei
900 1611 1128 1657 individua
1188 1611 1426 1666 consulas.
1480 1599 1486 1603 ⁸

145 1691 407 1739 staminibus
443 1691 719 1752 pistillisque
749 1692 948 1749 praedita
984 1691 1202 1737 iuvemeS.

693 1821 718 1883 ς
756 1819 859 1867 Lx.

212 1956 395 2008 Fuere,
455 1955 533 2015 qui
598 1952 889 1999 Limnaeo
951 1953 1207 2000 obiicerem
1272 1963 1423 2010 partes

148 2035 400 2097 plantarum
444 2032 644 2078 sexuales
669 2031 782 2077 adeo
811 2034 997 2091 exiguas
1029 2033 1147 2079 esse.
1185 2044 1233 2075 ut
1263 2031 1430 2075 oculo-

147 2129 244 2162 rum
273 2115 414 2158 aciem
442 2111 688 2165 effugiant,
725 2111 802 2156 nist
843 2110 1015 2166 semper
1045 2109 1244 2154 lentibus
1280 2113 1343 2154 uri
1382 2125 1428 2155 et

148 2192 461 2249 microscopio
511 2193 628 2249 quali
683 2193 726 2236 in
775 2201 905 2232 manu
952 2187 1122 2243 plantas
1170 2201 1424 2232 exammare

148 2271 372 2319 vellemus
405 2267 530 2329 (1)·‚
570 2271 641 2316 sed
675 2271 878 2331 cogitent
906 2267 976 2320 hi,
1026 2264 1201 2311 nullum
1243 2278 1427 2311 naturae

1367 2345 1432 2389 se·

208 2428 601 2482 (1)Buss0net
636 2426 1013 2472 Daubenton,
1049 2425 1432 2477 Ilist.nat.1.p.7‚

1265 2495 1433 2535 llout·
