1643 2776
703 99 961 164 (27)

193 258 343 320 aliqua
381 271 406 305 e
433 254 783 303 fructificatione
812 255 1014 313 primm,
1052 253 1162 301 licet
1188 249 1337 299 adhuc
1371 250 1456 295 im·

193 336 399 399 perfecte
418 370 432 394 ‚
467 335 599 383 Mor
615 336 627 381 i
646 333 749 382 son
766 348 794 380 u
817 348 837 379 s
871 336 1057 380 creavit.

708 497 733 550 §
768 487 949 538 XV111.

265 649 483 710 Denique
506 662 556 694 et
588 650 627 694 ei
653 649 927 707 imputatur,
964 646 1106 704 ipsum
1137 645 1264 704 saepe
1289 641 1463 703 plantas

198 730 252 777 ad
283 730 448 775 classes
473 728 723 779 reduxisse,
761 728 814 772 ad
840 741 952 786 quas
982 724 1133 770 reduci
1165 739 1257 770 non
1288 724 1461 767 debue-

199 821 311 853 rant.
382 804 503 853 Hine
543 808 736 852 maxima
765 804 974 852 confufio
1008 806 1115 850 oriri
1150 814 1328 864 potest:
1376 814 1462 845 un-

196 884 253 929 de
280 900 370 931 non
398 887 548 943 inepte
577 883 630 928 de
655 898 712 927 eo
742 884 850 928 dicit
881 881 1238 928 Linnaeus:
1278 913 1305 933 .‚
1344 878 1470 923 Mo·

198 994 232 1019 ,‚
264 965 309 1008 ri
329 961 510 1008 sonus
547 962 723 1008 secutus
751 975 932 1007 naturae
962 959 1088 1003 filum
1116 955 1463 1015 implicatsuum

200 1073 235 1097 „
270 1041 543 1086 Ariadneum
604 1038 760 1099 (conf.
813 1037 930 1085 Plzil.
986 1036 1090 1082 Bot.
1150 1035 1177 1094 §
1237 1035 1372 1093 150)
1422 1035 1469 1079 in

200 1151 234 1176 ,‚
275 1118 481 1166 Gordios
504 1118 600 1165 solo
628 1119 782 1179 gladio
803 1114 1133 1175 explicandos''
1161 1115 1284 1173 (ι),
1334 1127 1469 1171 quam

203 1198 462 1243 sententiam
522 1197 690 1241 ibidem
756 1195 978 1254 exemplis
1037 1198 1290 1240 confirmat.
1408 1191 1470 1238 Et

199 1276 299 1320 iure
365 1274 478 1321 hanc
538 1276 599 1319 ob
660 1289 751 1320 rem
812 1273 1021 1332 culpatur
1074 1270 1474 1318 Morisonus:

205 1366 339 1404 nam,
378 1353 436 1404 fi,
475 1355 588 1397 utin
621 1355 719 1397 eius
755 1352 1017 1410 systemate,
1048 1353 1100 1396 ad
1124 1345 1474 1410 Legnminffas,

202 1429 473 1491 Fragaria,
521 1429 575 1473 ad
619 1429 963 1486 Verticillaetas,
1014 1425 1320 1489 Asperifoliae
1354 1425 1474 1472 refe-

202 1516 392 1562 runtur,
440 1522 710 1568 caeteraque
753 1512 807 1556 ad
853 1512 966 1556 hanc
1008 1507 1411 1564 rati.onem‚‚quis
1442 1520 1470 1552 e

206 1600 325 1634 tanta
348 1585 613 1632 confusione
649 1589 737 1633 tiro
769 1588 858 1633 sese
898 1601 1108 1644 umquam
1142 1586 1256 1630 bene
1282 1585 1472 1643 expedi·

205 1679 253 1710 re
276 1664 459 1723 posset?
498 1665 626 1716 Iino,
676 1665 704 1710 fi
742 1667 971 1722 e0,mod0
1005 1663 1195 1722 systema
1229 1663 1467 1710 conditum

164 1774 166 1787 .
202 1748 278 1799 fit,
315 1743 385 1790 fax
407 1744 511 1797 illa,
548 1743 827 1804 quaelucem
856 1745 962 1790 alias
990 1741 1361 1802 praebereuml
1390 1741 1469 1788 nisi

205 1824 412 1871 tenebras
436 1821 602 1869 afferat.

270 1901 381 1948 Non
429 1915 576 1948 tamen
637 1903 763 1947 omni
807 1905 973 1949 virtute
1015 1916 1137 1949 earet
1174 1902 1340 1948 haecce
1376 1912 1471 1944 me-

205 1979 396 2027 thodus:
445 1995 546 2026 nam
585 1978 749 2025 classes
802 1984 1012 2039 quasdam
1053 1979 1275 2027 naturales
1309 1993 1472 2026 auctor

206 2061 290 2108 rite
337 2059 545 2122 digessit,
606 2072 651 2106 et
708 2059 1082 2122 Ctaesalpini
1140 2059 1375 2120 vestigiis,
1440 2058 1470 2103 fi

1357 2150 1471 2182 tem-

206 2260 236 2280 „
270 2230 490 2281 Dispositio
526 2232 808 2280 vegetabilium
852 2232 1032 2282 primaria
1075 2243 1095 2269 a
1137 2230 1217 2268 sola
1254 2228 1471 2268 fructifica.

208 2332 236 2354 „
269 2305 381 2341 tione
407 2303 639 2342 desumenda
669 2299 770 2345 est.”
831 2302 958 2344 Conf.
989 2307 1009 2356 §
1043 2312 1139 2349 2c9.

265 2373 343 2426 (ι)
378 2372 467 2413 vid.
498 2374 606 2414 Phil.
639 2375 729 2416 Bet.
763 2377 784 2427 §
820 2386 917 2425 209.
