1643 2776
677 86 999 155 (22)·

171 261 275 297 rus
332 245 425 311 (1)
488 245 729 295 secundum
794 245 1089 310 astrologiam
1147 243 1320 307 plantas
1371 246 1441 295 di·

171 327 285 373 vifit.
1439 340 1442 341 ’

237 401 370 448 Unus
415 417 562 450 tamen
599 403 682 450 hac
719 404 895 462 epocha
934 404 989 449 de
1020 403 1262 449 Botanices
1294 403 1434 449 scien·

175 482 235 526 tia
265 480 542 539 systematica
571 483 684 526 bene
719 485 903 527 meritus
926 496 1021 535 est,
1065 481 1134 528 Fa
1153 483 1177 526 b
1199 484 1209 526 i
1230 496 1291 526 us
1332 480 1445 525 Co·

170 557 384 605 lumna
422 557 588 613 Italus,
624 560 730 617 qui,
782 562 985 619 quamvis
1019 562 1063 606 in
1103 559 1318 618 operibus
1354 558 1440 604 suis

171 639 478 683 methodicam
538 652 740 683 normam
803 639 980 684 secutus
1035 653 1125 683 non
1163 638 1240 687 fit,
1290 651 1439 683 tamen

175 717 401 771 ostendit,
438 716 674 777 quomodo
703 716 943 762 secundum
974 715 1131 761 florem
1166 728 1210 760 et
1239 713 1438 760 fructum

179 808 345 856 genera
384 793 636 839 exhibenda
667 795 778 848 fint,
814 808 1002 852 quarum
1046 797 1240 852 partium
1283 796 1446 841 notitia

175 873 221 918 in
271 873 395 917 omni
441 886 606 934 genere
651 872 970 921 constituendo
1019 871 1178 919 summi
1226 885 1294 919 est
1347 885 1448 919 mo·

175 951 316 996 menti
352 950 462 1012 (α).

246 1026 375 1075 Hanc
419 1041 568 1075 autem
603 1027 729 1074 illius
765 1044 977 1091 generum
1016 1029 1437 1076 constituendorum

174 1109 533 1168 propositionem
569 1107 777 1155 Botanici
815 1124 936 1164 non,
976 1108 1049 1155 vel
1103 1108 1249 1159 male,
1301 1106 1443 1154 secuti

179 1188 280 1232 sunt
312 1202 412 1233 ante
447 1186 1108 1244 Tournefortium,qui
1135 1185 1288 1231 eadem
1320 1184 1443 1240 fere,

181 1279 318 1323 quam
335 1265 411 1311 ille
440 1265 742 1322 indicaverat,
778 1268 950 1313 ratione
968 1279 1088 1312 certa
1112 1266 1287 1326 primus
1310 1279 1450 1329 gene·

178 1356 225 1390 ra
251 1344 584 1392 determinavit.

712 1501 740 1562 ς
777 1480 906 1548 xm.

245 1657 296 1706 In
339 1658 592 1719 praeceptis
608 1693 621 1714 ‚
674 1670 789 1716 quae
825 1655 880 1701 ad
935 1669 1099 1718 genera
1137 1656 1448 1706 constituenda

179 1739 301 1786 dedit
328 1739 369 1785 C
387 1739 443 1784 ol
463 1753 487 1782 u
506 1752 547 1782 m
564 1751 659 1790 na,
690 1737 875 1797 vestigia
908 1736 1162 1783 Gesneri
1195 1738 1449 1794 presfit‚ad

185 1818 548 1867 fructificationis
572 1829 718 1876 partes
739 1816 930 1861 maxime
954 1814 1217 1870 attendens3
1244 1817 1315 1862 his
1335 1830 1446 1862 vero

1387 1893 1454 1939 sa·

234 2092 315 2149 (ι)
354 2097 395 2133 in
441 2094 644 2133 Methodo
679 2104 780 2130 nova
826 2092 1002 2131 herbaria
1044 2093 1258 2141 prantarum
1286 2089 1331 2130 ad
1362 2090 1448 2142 sep·

178 2177 259 2206 tem
287 2167 426 2205 summa
454 2177 594 2212 genera
625 2164 869 2203 redacturum
889 2193 900 2211 ,
938 2165 1146 2203 Brunsvic.
1181 2163 1304 2212 1656.

243 2237 320 2287 (α)
355 2239 400 2277 Iu
429 2236 645 2288 Ecphrafi,
677 2247 786 2286 parte
816 2237 957 2283 altera,
978 2235 1132 2275 Romae
1163 2235 1284 2276 1616.
1315 2236 1442 2286 p.63.

183 2308 292 2358 seqq.
