<?xml version="1.0" encoding="UTF-8"?>
<!DOCTYPE html PUBLIC "-//W3C//DTD XHTML 1.0 Transitional//EN"
    "http://www.w3.org/TR/xhtml1/DTD/xhtml1-transitional.dtd">
<html xmlns="http://www.w3.org/1999/xhtml" xml:lang="en" lang="en">
 <head>
  <title>
</title>
<meta http-equiv="Content-Type" content="text/html;charset=utf-8" />
  <meta name='ocr-system' content='tesseract 3.04.00' />
  <meta name='ocr-capabilities' content='ocr_page ocr_carea ocr_par ocr_line ocrx_word'/>
</head>
<body>
  <div class='ocr_page' id='page_1' title='image "./commentatiodesys00hall_0041.png"; bbox 0 0 1643 2776; ppageno 0'>
   <div class='ocr_carea' id='block_1_1' title="bbox 644 91 911 156">
    <p class='ocr_par' dir='ltr' id='par_1_1' title="bbox 644 91 911 156">
     <span class='ocr_line' id='line_1_1' title="bbox 644 91 911 156; baseline -0.007 0"><span class='ocrx_word' id='word_1_1' title='bbox 644 91 911 156; x_wconf 81' lang='lat'><strong>(31)</strong></span> 
     </span>
    </p>
   </div>
   <div class='ocr_carea' id='block_1_2' title="bbox 213 247 1049 316">
    <p class='ocr_par' dir='ltr' id='par_1_2' title="bbox 213 247 1049 316">
     <span class='ocr_line' id='line_1_2' title="bbox 213 247 1049 316; baseline -0.008 -13"><span class='ocrx_word' id='word_1_2' title='bbox 213 269 289 316; x_wconf 79' lang='lat'>29.</span> <span class='ocrx_word' id='word_1_3' title='bbox 323 255 526 302; x_wconf 75' lang='lat' dir='ltr'>Arbores</span> <span class='ocrx_word' id='word_1_4' title='bbox 562 253 714 300; x_wconf 88' lang='lat' dir='ltr'>fructu</span> <span class='ocrx_word' id='word_1_5' title='bbox 755 247 1049 297; x_wconf 75' lang='lat' dir='ltr'>umbilicatos</span> 
     </span>
    </p>
   </div>
   <div class='ocr_carea' id='block_1_3' title="bbox 336 360 474 370">
    <p class='ocr_par' dir='ltr' id='par_1_3' title="bbox 336 360 474 370">
     <span class='ocr_line' id='line_1_3' title="bbox 336 360 474 370; baseline 0 2406"><span class='ocrx_word' id='word_1_6' title='bbox 336 360 474 370; x_wconf 95' lang='lat' dir='ltr'> </span> 
     </span>
    </p>
   </div>
   <div class='ocr_carea' id='block_1_4' title="bbox 338 595 546 610">
    <p class='ocr_par' dir='ltr' id='par_1_4' title="bbox 338 595 546 610">
     <span class='ocr_line' id='line_1_4' title="bbox 338 595 546 610; baseline 0 2166"><span class='ocrx_word' id='word_1_7' title='bbox 338 595 546 610; x_wconf 95' lang='lat' dir='ltr'> </span> 
     </span>
    </p>
   </div>
   <div class='ocr_carea' id='block_1_5' title="bbox 213 326 1174 785">
    <p class='ocr_par' dir='ltr' id='par_1_5' title="bbox 213 326 1174 785">
     <span class='ocr_line' id='line_1_5' title="bbox 213 326 1174 395; baseline -0.001 -20"><span class='ocrx_word' id='word_1_8' title='bbox 213 348 291 395; x_wconf 85' lang='lat'>30.</span> <span class='ocrx_word' id='word_1_9' title='bbox 482 355 722 370; x_wconf 81' lang='lat'><em>--.---</em></span> <span class='ocrx_word' id='word_1_10' title='bbox 757 342 850 374; x_wconf 89' lang='lat' dir='ltr'>non</span> <span class='ocrx_word' id='word_1_11' title='bbox 885 326 1174 384; x_wconf 56' lang='lat' dir='ltr'>umbilicatoq</span> 
     </span>
     <span class='ocr_line' id='line_1_6' title="bbox 215 406 889 474; baseline -0.006 -20"><span class='ocrx_word' id='word_1_12' title='bbox 215 426 290 474; x_wconf 78' lang='lat'>31.</span> <span class='ocrx_word' id='word_1_13' title='bbox 335 435 723 450; x_wconf 74' lang='grc'>-------.</span> <span class='ocrx_word' id='word_1_14' title='bbox 754 406 889 452; x_wconf 86' lang='lat' dir='ltr'><strong>fieco.</strong></span> 
     </span>
     <span class='ocr_line' id='line_1_7' title="bbox 252 484 988 548; baseline -0.005 -10"><span class='ocrx_word' id='word_1_15' title='bbox 252 507 291 538; x_wconf 64' lang='grc' dir='ltr'>ι’.</span> <span class='ocrx_word' id='word_1_16' title='bbox 336 515 722 528; x_wconf 90' lang='lat'><em>—--—---—-</em></span> <span class='ocrx_word' id='word_1_17' title='bbox 756 484 988 548; x_wconf 77' lang='lat' dir='ltr'>filiquoso·</span> 
     </span>
     <span class='ocr_line' id='line_1_8' title="bbox 221 565 854 633; baseline -0.008 -16"><span class='ocrx_word' id='word_1_18' title='bbox 221 584 295 633; x_wconf 84' lang='lat'>33.</span> <span class='ocrx_word' id='word_1_19' title='bbox 584 565 854 614; x_wconf 67' lang='lat' dir='ltr'>Anomalae-</span> 
     </span>
     <span class='ocr_line' id='line_1_9' title="bbox 698 722 888 785; baseline -0.005 -14"><span class='ocrx_word' id='word_1_20' title='bbox 698 722 723 785; x_wconf 87' lang='lat'>§</span> <span class='ocrx_word' id='word_1_21' title='bbox 758 722 888 771; x_wconf 89' lang='lat' dir='ltr'><strong>XXI.</strong></span> 
     </span>
    </p>
   </div>
   <div class='ocr_carea' id='block_1_6' title="bbox 157 878 1436 2042">
    <p class='ocr_par' dir='ltr' id='par_1_6' title="bbox 157 878 1436 2042">
     <span class='ocr_line' id='line_1_10' title="bbox 221 878 1420 943; baseline -0.001 -15"><span class='ocrx_word' id='word_1_22' title='bbox 221 881 393 943; x_wconf 85' lang='lat' dir='ltr'>Magna</span> <span class='ocrx_word' id='word_1_23' title='bbox 422 881 511 928; x_wconf 87' lang='lat' dir='ltr'>hoc</span> <span class='ocrx_word' id='word_1_24' title='bbox 539 879 584 928; x_wconf 80' lang='lat' dir='ltr'>R</span> <span class='ocrx_word' id='word_1_25' title='bbox 604 881 692 926; x_wconf 84' lang='lat' dir='ltr'>aii</span> <span class='ocrx_word' id='word_1_26' title='bbox 726 881 915 940; x_wconf 78' lang='lat' dir='ltr'>systema</span> <span class='ocrx_word' id='word_1_27' title='bbox 944 878 1077 926; x_wconf 88' lang='lat' dir='ltr'>laude</span> <span class='ocrx_word' id='word_1_28' title='bbox 1108 878 1295 942; x_wconf 81' lang='lat' dir='ltr'>dignum</span> <span class='ocrx_word' id='word_1_29' title='bbox 1324 893 1420 937; x_wconf 72' lang='lat' dir='ltr'>est,</span> 
     </span>
     <span class='ocr_line' id='line_1_11' title="bbox 157 958 1426 1025; baseline -0.003 -18"><span class='ocrx_word' id='word_1_30' title='bbox 157 974 254 1007; x_wconf 85' lang='lat' dir='ltr'>eam</span> <span class='ocrx_word' id='word_1_31' title='bbox 279 962 524 1021; x_wconf 80' lang='lat' dir='ltr'>praecipue</span> <span class='ocrx_word' id='word_1_32' title='bbox 557 959 619 1005; x_wconf 93' lang='lat' dir='ltr'>ob</span> <span class='ocrx_word' id='word_1_33' title='bbox 651 959 855 1012; x_wconf 80' lang='lat' dir='ltr'>causam,</span> <span class='ocrx_word' id='word_1_34' title='bbox 892 960 1018 1021; x_wconf 85' lang='lat' dir='ltr'>quod</span> <span class='ocrx_word' id='word_1_35' title='bbox 1034 958 1281 1006; x_wconf 81' lang='lat' dir='ltr'>naturalem</span> <span class='ocrx_word' id='word_1_36' title='bbox 1301 958 1426 1025; x_wconf 55' lang='grc' dir='ltr'>0(ᾶί-</span> 
     </span>
     <span class='ocr_line' id='line_1_12' title="bbox 158 1037 1428 1097; baseline -0.005 -10"><span class='ocrx_word' id='word_1_37' title='bbox 158 1054 261 1088; x_wconf 85' lang='lat' dir='ltr'>nem</span> <span class='ocrx_word' id='word_1_38' title='bbox 290 1041 389 1084; x_wconf 75' lang='lat' dir='ltr'>satis</span> <span class='ocrx_word' id='word_1_39' title='bbox 409 1039 522 1084; x_wconf 89' lang='lat' dir='ltr'>bene</span> <span class='ocrx_word' id='word_1_40' title='bbox 547 1038 656 1096; x_wconf 77' lang='lat' dir='ltr'>pei-s</span> <span class='ocrx_word' id='word_1_41' title='bbox 649 1039 777 1096; x_wconf 87' lang='lat' dir='ltr'>pexit</span> <span class='ocrx_word' id='word_1_42' title='bbox 800 1051 846 1082; x_wconf 90' lang='lat' dir='ltr'>et</span> <span class='ocrx_word' id='word_1_43' title='bbox 873 1037 1034 1085; x_wconf 84' lang='lat' dir='ltr'>classes</span> <span class='ocrx_word' id='word_1_44' title='bbox 1054 1038 1272 1097; x_wconf 29' lang='lat' dir='ltr'>*quasdam</span> <span class='ocrx_word' id='word_1_45' title='bbox 1294 1050 1428 1082; x_wconf 69' lang='lat' dir='ltr'>com«</span> 
     </span>
     <span class='ocr_line' id='line_1_13' title="bbox 159 1115 1429 1179; baseline -0.002 -16"><span class='ocrx_word' id='word_1_46' title='bbox 159 1119 311 1179; x_wconf 83' lang='lat' dir='ltr'>posuit</span> <span class='ocrx_word' id='word_1_47' title='bbox 351 1130 501 1162; x_wconf 81' lang='lat' dir='ltr'>revera</span> <span class='ocrx_word' id='word_1_48' title='bbox 538 1115 775 1162; x_wconf 79' lang='lat' dir='ltr'>naturaleS.</span> <span class='ocrx_word' id='word_1_49' title='bbox 848 1115 1237 1163; x_wconf 84' lang='lat' dir='ltr'>Morisonum</span> <span class='ocrx_word' id='word_1_50' title='bbox 1284 1117 1429 1161; x_wconf 83' lang='lat' dir='ltr'>maxi-</span> 
     </span>
     <span class='ocr_line' id='line_1_14' title="bbox 161 1193 1426 1252; baseline -0.002 -9"><span class='ocrx_word' id='word_1_51' title='bbox 161 1212 233 1243; x_wconf 89' lang='lat' dir='ltr'>me</span> <span class='ocrx_word' id='word_1_52' title='bbox 264 1197 467 1248; x_wconf 84' lang='lat' dir='ltr'>secutus‚</span> <span class='ocrx_word' id='word_1_53' title='bbox 502 1194 625 1241; x_wconf 87' lang='lat' dir='ltr'>illius</span> <span class='ocrx_word' id='word_1_54' title='bbox 653 1193 919 1240; x_wconf 80' lang='lat' dir='ltr'>methodum</span> <span class='ocrx_word' id='word_1_55' title='bbox 948 1209 1072 1240; x_wconf 82' lang='lat' dir='ltr'>certe</span> <span class='ocrx_word' id='word_1_56' title='bbox 1101 1210 1193 1241; x_wconf 90' lang='lat' dir='ltr'>non</span> <span class='ocrx_word' id='word_1_57' title='bbox 1220 1197 1426 1252; x_wconf 80' lang='lat' dir='ltr'>peiorem</span> 
     </span>
     <span class='ocr_line' id='line_1_15' title="bbox 159 1270 1430 1322; baseline -0.002 -1"><span class='ocrx_word' id='word_1_58' title='bbox 159 1273 371 1322; x_wconf 84' lang='lat' dir='ltr'>reddidit.</span> <span class='ocrx_word' id='word_1_59' title='bbox 440 1273 619 1319; x_wconf 81' lang='lat' dir='ltr'>Classes</span> <span class='ocrx_word' id='word_1_60' title='bbox 655 1270 973 1318; x_wconf 87' lang='lat' dir='ltr'>Morisoni</span> <span class='ocrx_word' id='word_1_61' title='bbox 1016 1272 1344 1319; x_wconf 68' lang='lat' dir='ltr'>pomiferarum</span> <span class='ocrx_word' id='word_1_62' title='bbox 1377 1284 1430 1318; x_wconf 80' lang='lat' dir='ltr'>et</span> 
     </span>
     <span class='ocr_line' id='line_1_16' title="bbox 159 1350 1432 1412; baseline -0.004 -12"><span class='ocrx_word' id='word_1_63' title='bbox 159 1350 495 1400; x_wconf 83' lang='lat' dir='ltr'>Bacciferarum</span> <span class='ocrx_word' id='word_1_64' title='bbox 525 1352 724 1397; x_wconf 74' lang='lat' dir='ltr'><strong>retinuit.</strong></span> <span class='ocrx_word' id='word_1_65' title='bbox 790 1352 909 1398; x_wconf 84' lang='lat' dir='ltr'>Vitia</span> <span class='ocrx_word' id='word_1_66' title='bbox 937 1365 1085 1395; x_wconf 85' lang='lat' dir='ltr'>autem</span> <span class='ocrx_word' id='word_1_67' title='bbox 1114 1366 1273 1412; x_wconf 82' lang='lat' dir='ltr'>magna</span> <span class='ocrx_word' id='word_1_68' title='bbox 1304 1360 1432 1411; x_wconf 83' lang='lat' dir='ltr'>mag-</span> 
     </span>
     <span class='ocr_line' id='line_1_17' title="bbox 163 1427 1431 1489; baseline -0.002 -13"><span class='ocrx_word' id='word_1_69' title='bbox 163 1444 240 1478; x_wconf 83' lang='lat' dir='ltr'>nas</span> <span class='ocrx_word' id='word_1_70' title='bbox 273 1430 405 1475; x_wconf 87' lang='lat' dir='ltr'>huius</span> <span class='ocrx_word' id='word_1_71' title='bbox 433 1429 679 1489; x_wconf 80' lang='lat' dir='ltr'>systematis</span> <span class='ocrx_word' id='word_1_72' title='bbox 702 1431 890 1475; x_wconf 84' lang='lat' dir='ltr'>virtutes</span> <span class='ocrx_word' id='word_1_73' title='bbox 917 1428 1165 1475; x_wconf 78' lang='lat' dir='ltr'>occultant.</span> <span class='ocrx_word' id='word_1_74' title='bbox 1235 1427 1388 1488; x_wconf 83' lang='lat' dir='ltr'>Raiu</span> <span class='ocrx_word' id='word_1_75' title='bbox 1406 1442 1431 1474; x_wconf 79' lang='lat' dir='ltr'><strong>s</strong></span> 
     </span>
     <span class='ocr_line' id='line_1_18' title="bbox 163 1506 1435 1569; baseline -0.002 -14"><span class='ocrx_word' id='word_1_76' title='bbox 163 1510 260 1569; x_wconf 87' lang='lat' dir='ltr'>ipse</span> <span class='ocrx_word' id='word_1_77' title='bbox 303 1507 574 1568; x_wconf 78' lang='lat' dir='ltr'>profitetur,</span> <span class='ocrx_word' id='word_1_78' title='bbox 615 1507 868 1567; x_wconf 81' lang='lat' dir='ltr'>Europaeis</span> <span class='ocrx_word' id='word_1_79' title='bbox 900 1507 1063 1568; x_wconf 86' lang='lat' dir='ltr'>plantis</span> <span class='ocrx_word' id='word_1_80' title='bbox 1091 1508 1208 1552; x_wconf 83' lang='lat' dir='ltr'>suam</span> <span class='ocrx_word' id='word_1_81' title='bbox 1251 1506 1435 1552; x_wconf 77' lang='lat' dir='ltr'>metho-</span> 
     </span>
     <span class='ocr_line' id='line_1_19' title="bbox 166 1583 1434 1642; baseline 0 -10"><span class='ocrx_word' id='word_1_82' title='bbox 166 1585 274 1632; x_wconf 89' lang='lat' dir='ltr'>dum</span> <span class='ocrx_word' id='word_1_83' title='bbox 301 1586 617 1633; x_wconf 79' lang='lat' dir='ltr'>tantummodo</span> <span class='ocrx_word' id='word_1_84' title='bbox 642 1585 868 1642; x_wconf 82' lang='lat' dir='ltr'>sufficere,</span> <span class='ocrx_word' id='word_1_85' title='bbox 917 1587 1112 1633; x_wconf 73' lang='lat' dir='ltr'>exotoeis</span> <span class='ocrx_word' id='word_1_86' title='bbox 1140 1583 1259 1631; x_wconf 84' lang='lat' dir='ltr'>forte</span> <span class='ocrx_word' id='word_1_87' title='bbox 1299 1585 1434 1632; x_wconf 87' lang='lat' dir='ltr'>inser·</span> 
     </span>
     <span class='ocr_line' id='line_1_20' title="bbox 165 1663 1436 1728; baseline -0.001 -15"><span class='ocrx_word' id='word_1_88' title='bbox 165 1668 262 1713; x_wconf 85' lang='lat' dir='ltr'>vire</span> <span class='ocrx_word' id='word_1_89' title='bbox 316 1679 406 1711; x_wconf 85' lang='lat' dir='ltr'>non</span> <span class='ocrx_word' id='word_1_90' title='bbox 451 1664 600 1724; x_wconf 83' lang='lat' dir='ltr'>posse.</span> <span class='ocrx_word' id='word_1_91' title='bbox 689 1663 867 1713; x_wconf 84' lang='lat' dir='ltr'>Deinde</span> <span class='ocrx_word' id='word_1_92' title='bbox 888 1700 902 1720; x_wconf 56' lang='lat'>‹,</span> <span class='ocrx_word' id='word_1_93' title='bbox 949 1667 1161 1728; x_wconf 84' lang='lat' dir='ltr'>quoniam</span> <span class='ocrx_word' id='word_1_94' title='bbox 1214 1665 1327 1710; x_wconf 85' lang='lat' dir='ltr'>adeo</span> <span class='ocrx_word' id='word_1_95' title='bbox 1365 1678 1436 1712; x_wconf 82' lang='lat' dir='ltr'>at-</span> 
     </span>
     <span class='ocr_line' id='line_1_21' title="bbox 169 1740 1431 1799; baseline 0.002 -9"><span class='ocrx_word' id='word_1_96' title='bbox 169 1743 311 1790; x_wconf 88' lang='lat' dir='ltr'>tendit</span> <span class='ocrx_word' id='word_1_97' title='bbox 337 1744 390 1789; x_wconf 85' lang='lat' dir='ltr'>ad</span> <span class='ocrx_word' id='word_1_98' title='bbox 408 1742 628 1788; x_wconf 78' lang='lat' dir='ltr'>naturales</span> <span class='ocrx_word' id='word_1_99' title='bbox 655 1740 871 1799; x_wconf 81' lang='lat' dir='ltr'>familias,</span> <span class='ocrx_word' id='word_1_100' title='bbox 907 1759 1000 1790; x_wconf 87' lang='lat' dir='ltr'>non</span> <span class='ocrx_word' id='word_1_101' title='bbox 1026 1744 1431 1792; x_wconf 79' lang='lat' dir='ltr'>secundumunam</span> 
     </span>
     <span class='ocr_line' id='line_1_22' title="bbox 167 1821 1432 1880; baseline -0.002 -11"><span class='ocrx_word' id='word_1_102' title='bbox 167 1822 532 1869; x_wconf 78' lang='lat' dir='ltr'>fructificationis</span> <span class='ocrx_word' id='word_1_103' title='bbox 576 1835 727 1867; x_wconf 85' lang='lat' dir='ltr'>notam</span> <span class='ocrx_word' id='word_1_104' title='bbox 769 1837 928 1869; x_wconf 83' lang='lat' dir='ltr'>omnes</span> <span class='ocrx_word' id='word_1_105' title='bbox 964 1823 1125 1868; x_wconf 67' lang='lat' dir='ltr'>classes</span> <span class='ocrx_word' id='word_1_106' title='bbox 1180 1821 1432 1880; x_wconf 76' lang='lat' dir='ltr'>disposuit,</span> 
     </span>
     <span class='ocr_line' id='line_1_23' title="bbox 169 1900 1431 1962; baseline -0.002 -13"><span class='ocrx_word' id='word_1_107' title='bbox 169 1900 290 1949; x_wconf 88' lang='lat' dir='ltr'>unde</span> <span class='ocrx_word' id='word_1_108' title='bbox 337 1901 424 1946; x_wconf 85' lang='lat' dir='ltr'>tiro</span> <span class='ocrx_word' id='word_1_109' title='bbox 478 1901 678 1960; x_wconf 84' lang='lat' dir='ltr'>plantam</span> <span class='ocrx_word' id='word_1_110' title='bbox 731 1902 930 1962; x_wconf 86' lang='lat' dir='ltr'>ignotam</span> <span class='ocrx_word' id='word_1_111' title='bbox 948 1936 963 1957; x_wconf 80' lang='grc'><em>,</em></span> <span class='ocrx_word' id='word_1_112' title='bbox 1012 1903 1146 1948; x_wconf 85' lang='lat' dir='ltr'>huius</span> <span class='ocrx_word' id='word_1_113' title='bbox 1183 1902 1431 1958; x_wconf 78' lang='lat' dir='ltr'>systematis</span> 
     </span>
     <span class='ocr_line' id='line_1_24' title="bbox 169 1977 1300 2042; baseline 0.001 -14"><span class='ocrx_word' id='word_1_114' title='bbox 169 1994 261 2042; x_wconf 86' lang='lat' dir='ltr'>ope</span> <span class='ocrx_word' id='word_1_115' title='bbox 287 1978 417 2029; x_wconf 89' lang='lat' dir='ltr'>nullo</span> <span class='ocrx_word' id='word_1_116' title='bbox 452 1977 592 2025; x_wconf 88' lang='lat' dir='ltr'>modo</span> <span class='ocrx_word' id='word_1_117' title='bbox 616 1992 769 2027; x_wconf 84' lang='lat' dir='ltr'>notam</span> <span class='ocrx_word' id='word_1_118' title='bbox 804 1981 882 2027; x_wconf 85' lang='lat' dir='ltr'>fibi</span> <span class='ocrx_word' id='word_1_119' title='bbox 910 1980 1097 2028; x_wconf 85' lang='lat' dir='ltr'>reddere</span> <span class='ocrx_word' id='word_1_120' title='bbox 1128 1992 1300 2042; x_wconf 48' lang='lat' dir='ltr'>potest„</span> 
     </span>
    </p>
   </div>
   <div class='ocr_carea' id='block_1_7' title="bbox 697 2135 909 2198">
    <p class='ocr_par' dir='ltr' id='par_1_7' title="bbox 697 2135 909 2198">
     <span class='ocr_line' id='line_1_25' title="bbox 697 2135 909 2198; baseline 0.009 -14"><span class='ocrx_word' id='word_1_121' title='bbox 697 2139 725 2198; x_wconf 62' lang='grc' dir='ltr'><strong>ς</strong></span> <span class='ocrx_word' id='word_1_122' title='bbox 755 2135 909 2186; x_wconf 78' lang='lat' dir='ltr'>xxti.</span> 
     </span>
    </p>
   </div>
   <div class='ocr_carea' id='block_1_8' title="bbox 177 2291 1439 2496">
    <p class='ocr_par' dir='ltr' id='par_1_8' title="bbox 177 2291 1439 2496">
     <span class='ocr_line' id='line_1_26' title="bbox 239 2291 1435 2358; baseline -0.002 -16"><span class='ocrx_word' id='word_1_123' title='bbox 239 2294 330 2342; x_wconf 82' lang='lat' dir='ltr'>Sed</span> <span class='ocrx_word' id='word_1_124' title='bbox 370 2294 549 2341; x_wconf 74' lang='lat' dir='ltr'>fot-titan</span> <span class='ocrx_word' id='word_1_125' title='bbox 595 2297 697 2358; x_wconf 88' lang='lat' dir='ltr'>quis</span> <span class='ocrx_word' id='word_1_126' title='bbox 739 2296 847 2342; x_wconf 85' lang='lat' dir='ltr'>mihi</span> <span class='ocrx_word' id='word_1_127' title='bbox 879 2296 1100 2349; x_wconf 85' lang='lat' dir='ltr'>obiiciet‚</span> <span class='ocrx_word' id='word_1_128' title='bbox 1149 2291 1261 2339; x_wconf 85' lang='lat' dir='ltr'>illud</span> <span class='ocrx_word' id='word_1_129' title='bbox 1293 2291 1435 2340; x_wconf 81' lang='lat' dir='ltr'>Raii</span> 
     </span>
     <span class='ocr_line' id='line_1_27' title="bbox 177 2369 1439 2436; baseline -0.005 -12"><span class='ocrx_word' id='word_1_130' title='bbox 177 2377 271 2424; x_wconf 84' lang='lat' dir='ltr'>esse</span> <span class='ocrx_word' id='word_1_131' title='bbox 302 2376 490 2436; x_wconf 84' lang='lat' dir='ltr'>systema</span> <span class='ocrx_word' id='word_1_132' title='bbox 520 2373 745 2420; x_wconf 77' lang='lat' dir='ltr'>naturale:</span> <span class='ocrx_word' id='word_1_133' title='bbox 782 2390 874 2424; x_wconf 88' lang='lat' dir='ltr'>non</span> <span class='ocrx_word' id='word_1_134' title='bbox 901 2377 1054 2435; x_wconf 82' lang='lat' dir='ltr'>itaque</span> <span class='ocrx_word' id='word_1_135' title='bbox 1090 2387 1207 2435; x_wconf 87' lang='lat' dir='ltr'>opus</span> <span class='ocrx_word' id='word_1_136' title='bbox 1230 2369 1351 2428; x_wconf 85' lang='lat' dir='ltr'>esse,</span> <span class='ocrx_word' id='word_1_137' title='bbox 1388 2385 1439 2418; x_wconf 87' lang='lat' dir='ltr'>ut</span> 
     </span>
     <span class='ocr_line' id='line_1_28' title="bbox 1383 2464 1438 2496; baseline 0 0"><span class='ocrx_word' id='word_1_138' title='bbox 1383 2464 1438 2496; x_wconf 77' lang='lat' dir='ltr'>tt·</span> 
     </span>
    </p>
   </div>
  </div>
 </body>
</html>
