1643 2776
675 55 936 120 (¹8)

163 216 246 272 fit,
281 214 446 263 horum
477 212 679 259 virorum
707 213 966 259 auctoritati
1004 210 1165 260 cedere
1205 211 1434 262 constitui.

169 294 338 356 Neque
370 292 502 338 etiam
537 289 776 336 discrimen
810 291 926 338 illud
962 292 1076 339 adeo
1099 305 1311 354 magnum
1341 305 1439 347 est,

161 387 214 421 ut
238 385 394 422 nostro
421 370 660 434 propofito
712 384 805 416 non
840 368 1038 418 sufficiat.

744 526 871 586 §X.

230 687 305 737 En
333 689 485 746 itaque
511 687 729 744 systema,
755 684 887 746 quale
906 682 1060 729 Linn
1080 696 1183 728 aeu
1201 696 1221 729 s
1248 681 1362 730 illud
1386 695 1435 730 et

164 767 252 814 Wi
269 767 280 811 1
299 767 312 811 l
331 767 394 812 de
411 779 436 808 n
455 779 482 808 0
497 778 540 809 w
557 766 566 808 i
582 778 608 808 u
625 779 644 809 s
672 764 1008 822 exposuerunt:
1034 762 1195 807 classes
1215 761 1296 808 hae
1310 766 1433 810 sunt:

271 860 310 892 1.

235 1574 253 1686 §dt-n

238 1809 255 1843 u

267 1810 310 1842 ξ’

259 1335 309 1685 ΓΏῬΡΟὙ
258 941 310 1290 ΕἏΨθωΡ

344 844 548 890 Arbores
577 842 772 888 corculo
800 857 854 888 ex
889 843 1020 900 apice
1056 840 1250 890 seminis.

785 938 810 967 e
844 923 929 967 basi
965 923 1163 969 seminis·

301 1038 312 1050 .
349 1003 532 1050 Herbae
565 1003 774 1049 solitariis
804 999 1062 1046 leminibus.

813 1079 981 1124 baccis.

819 1156 1028 1217 capsulis-

567 1237 686 1281 binis
716 1236 975 1282 seminibus.

344 1338 696 1354 -—-—-—-
722 1315 931 1373 capsulis.

354 1419 532 1434 .---
574 1393 742 1452 triplici
771 1393 1030 1452 principio,
1067 1389 1278 1441 fibi-osae.

825 1471 829 1473 ’
872 1496 1027 1505 ---
1070 1470 1302 1517 bulbosae.

344 1497 696 1515 μ--ἡ

347 1580 531 1595 ..--
569 1552 795 1612 quaternis
826 1549 1080 1596 seminibus.

345 1655 527 1670 -—--
565 1632 774 1692 pluribus
819 1630 1088 1683 seminibuS‚
1125 1628 1428 1678 Anthemides

618 1711 914 1772 (Radiatae).

349 1815 531 1831 ,ευ-
563 1791 771 1853 pluribus
812 1787 1079 1842 seminibus,
1119 1787 1433 1836 Cichoraceae

627 1872 713 1915 sive
760 1868 1021 1913 Acanaceae
1058 1866 1436 1927 (Semiflosculo.

618 1948 733 2005 sae).

581 2027 789 2088 pluribus
829 2023 1099 2075 seminibus,
1148 2022 1260 2070 flore
1308 2037 1437 2070 com.

617 2108 740 2152 muni
780 2102 1160 2161 (Flosculosae).

345 2209 528 2223 ——--
563 2186 771 2246 pluribus
798 2182 1037 2226 folliculis.

298 2297 311 2311 .
345 2289 529 2303 -——-
567 2264 678 2310 flore
722 2263 968 2320 fructuque
1011 2270 1216 2309 carentes
1251 2258 1433 2321 (Cryp-

607 2339 908 2405 togamicae).

1275 2416 1310 2478 Β
1345 2419 1433 2467 XI.
