1643 2776
667 83 922 147 (26)

156 243 371 293 arbores,
432 239 621 288 frutices
673 255 720 287 et
773 238 1024 286 suffrutices
1081 240 1203 301 (non
1248 241 1422 302 plantas

157 336 404 382 peren1·:eS‚
456 322 528 367 sed
573 335 735 379 parvos
776 319 994 380 frutices)
1030 320 1256 367 distinxit:
1304 335 1420 382 quae

153 401 386 446 distinctio
443 403 634 445 maxime
680 401 851 444 incerta
906 413 1002 452 cst,
1056 403 1218 446 merito
1266 402 1421 447 dicen·

155 491 202 525 te
247 470 559 525 L'innaeoz
622 512 658 533 ‚‚
708 481 818 524 intra
850 477 1058 523 fruticem
1116 493 1160 524 et
1212 480 1421 525 arborem

157 591 192 615 ,‚
227 559 380 604 nullos
427 558 595 603 limites
644 558 842 617 posuisse
897 571 1126 615 naturam,
1179 558 1253 604 sed
1295 557 1422 620 vulgi

156 669 192 695 „
227 635 528 699 opinionem''
555 636 664 697 (ι).

678 795 702 857 §
739 793 896 843 XVII.

222 951 273 999 Iu
316 953 499 1015 fingulis
539 955 671 1000 etiam
710 952 924 999 classibus
969 954 1077 999 vitia
1105 952 1321 1014 quaedam
1353 949 1427 998 of-

157 1030 401 1078 fendimus.
473 1033 624 1094 Quam
652 1031 857 1092 perversa
894 1047 934 1078 e.
981 1049 1049 1094 gr.
1089 1033 1323 1078 distinctio
1350 1033 1426 1099 Ju-

159 1123 228 1154 ter
271 1111 336 1155 8²¹⁰
369 1127 414 1156 et
462 1119 553 1171 15·‘¹¹
584 1110 803 1156 classem?
851 1109 901 1156 In
945 1111 1182 1156 ordinibus
1232 1108 1428 1168 saepisfi-

157 1202 231 1234 me
263 1191 315 1235 ad
354 1193 651 1251 vegetationis
691 1203 869 1250 partes,
922 1190 1219 1250 habitumque
1255 1188 1428 1249 planta·

158 1281 258 1313 rum
278 1270 491 1313 attendit:
531 1268 656 1328 quod
673 1270 860 1313 omnino
876 1267 1235 1327 vituperandum.
1274 1265 1391 1310 Nam
1410 1299 1426 1321 ‚

158 1347 235 1391 etii
285 1362 375 1392 non
419 1350 706 1406 negaverim,
756 1348 957 1393 habitum
992 1347 1126 1391 nobis
1167 1345 1223 1390 ad
1264 1359 1428 1405 genera

160 1421 454 1469 discernenda
477 1425 721 1483 aliquando
751 1441 885 1483 opem
920 1423 1037 1471 ferre
1078 1424 1210 1485 posse
1250 1438 1294 1468 et
1329 1437 1430 1482 par·

163 1514 231 1548 tes
270 1506 569 1565 vegetationis
611 1505 862 1562 specierum
911 1503 1183 1550 differentias
1232 1503 1430 1560 optimas

160 1583 292 1638 dare,
329 1598 420 1628 non
453 1597 600 1628 tamen
637 1585 848 1640 cuiquam
883 1581 1016 1628 facile
1045 1581 1233 1642 largiar,
1272 1582 1347 1627 has
1375 1577 1431 1625 ad

161 1662 327 1708 classes
381 1661 621 1707 ordinesve
679 1660 1023 1707 constituendos
1085 1662 1196 1718 quid
1265 1660 1431 1707 valere.

159 1741 344 1788 Etenim
395 1756 543 1799 partes
593 1741 926 1802 vegetationis,
986 1740 1040 1786 ad
1096 1754 1205 1799 quas
1247 1740 1431 1786 habitus

159 1834 283 1867 certe
313 1817 572 1865 referendus
593 1853 606 1873 ,
642 1819 890 1878 saepisiime
918 1821 1089 1866 variant
1120 1832 1165 1863 et
1192 1819 1332 1880 longe
1362 1821 1434 1865 in·

163 1902 382 1945 certiores
425 1898 521 1944 sunt
557 1898 759 1957 partibus
796 1897 1194 1952 fructificationis,
1233 1899 1358 1957 quod
1387 1911 1434 1945 et

161 1978 438 2036 experientia
489 1991 534 2022 et
585 1978 788 2022 omnium
831 1977 1032 2022 melioris
1075 1991 1238 2029 notae,
1288 1979 1374 2021 iam
1409 1990 1435 2022 a

166 2057 430 2104 Gesneri
497 2058 817 2114 temporibus,
878 2057 1204 2103 Botanicorum
1260 2057 1434 2101 monita

164 2137 333 2195 cuique
366 2135 630 2195 persuadere
658 2134 825 2182 debent
853 2138 959 2196 (α).
1063 2134 1246 2182 Genera
1281 2148 1432 2181 autem

1356 2214 1439 2262 ali·

228 2305 305 2348 (13
336 2306 430 2347 VM.
463 2307 567 2347 Phil.
602 2310 689 2347 Bor.
726 2312 745 2360 §
782 2310 850 2358 78.

223 2378 301 2428 (ι)
337 2379 440 2417 Hinc
483 2387 522 2416 et
570 2379 882 2429 Linnaeus,
942 2380 1049 2421 Phil.
1095 2381 1187 2421 Bot.
1232 2381 1254 2432 §
1308 2380 1435 2429 164.=

920 2465 935 2483 ο
1285 2481 1315 2500 ,,
1350 2450 1436 2491 Dis·
