1643 2776
694 71 945 135 (48)

184 254 214 275 ,-.
242 239 264 247 ··
284 248 329 295 3,
364 233 545 282 Herbae
576 241 624 280 et
649 227 901 277 suffrutices
928 228 1117 279 floribus
1140 230 1438 290 monopetalis

645 311 874 362 anomalis.

275 403 323 450 4.
368 409 518 422 ·---
562 407 607 439 et
629 392 878 439 suffrutices
915 389 1101 436 floribus
1137 385 1437 447 monopetalis

643 471 836 515 inhiatis.

276 557 323 604 5.
371 562 521 576 ·--
567 547 623 609 et]
651 546 900 593 suffrutices
936 544 1122 591 floribus
1159 541 1432 603 polypetalis

634 623 1002 672 cruciformibus.

271 701 318 746 6.
563 714 607 747 et
641 699 890 747 suffrurices
938 700 1125 748 fioribus
1159 699 1435 762 polypetalis

637 782 846 828 rosaz-cis.

209 902 211 904 .
270 868 319 918 7.
366 873 513 888 --·
560 871 606 903 et
643 855 892 904 suffrutices
931 856 1117 904 floribus
1163 855 1434 917 polypetalis

164 935 187 993 h
373 928 377 932 ⁴
638 935 829 982 rosaceis
852 934 1126 982 umbellatis.

273 1012 319 1060 8.
368 1032 519 1045 --
563 1026 608 1059 et
643 1012 891 1059 suffrutices
932 1010 1117 1057 floribus
1162 1010 1435 1074 polypetalis

627 1089 998 1150 caryophyilaeis.

266 1182 315 1228 9.
362 1187 513 1199 ——-
558 1181 604 1214 et
648 1168 900 1215 suffrutices
938 1166 1126 1215 floribus
1169 1168 1375 1216 liliaceis.

194 1291 197 1295 ,
240 1262 314 1295 10.
515 1265 1125 1282 ·-------———
1159 1245 1432 1308 polypetalis

625 1321 961 1384 papilionaceiS.
981 1366 986 1369 .

243 1414 317 1449 11.
356 1419 506 1435 e——-
553 1413 598 1445 et
636 1399 884 1446 suffrutices
923 1401 1113 1450 floribus
1151 1400 1428 1464 polypetalis

624 1475 853 1524 anomalss.

242 1570 316 1604 12.
366 1575 514 1588 ·--
566 1571 611 1604 et
650 1557 898 1603 suffrutices
932 1556 1118 1604 floribus
1161 1557 1426 1606 flosculofis.

619 1633 623 1637 ’
1001 1655 1114 1667 --
1159 1635 1430 1685 semifloscu-

240 1650 313 1698 13·
360 1654 764 1668 --—--····—

637 1712 754 1759 lofls.

243 1807 317 1851 ¹4·
363 1810 515 1823 ·-·-·-
566 1807 611 1839 et
651 1789 901 1837 suffrutices
939 1790 1126 1837 floribus
1160 1792 1354 1842 radiatis.

246 1884 317 1932 15.
371 1889 515 1901 ·-·
562 1883 607 1916 et
644 1867 889 1916 suffrutices
932 1867 1120 1916 floribus
1153 1872 1341 1932 apetalis
1381 1884 1426 1917 et

656 1946 891 1994 stamineis.

248 2024 320 2071 16.
370 2040 520 2056 ---—
565 2038 609 2071 et
637 2025 913 2083 suffruticeS,
951 2029 1025 2089 qui
1056 2027 1241 2075 floribus
1272 2041 1427 2075 carent

652 2118 697 2150 et
733 2105 897 2150 semine
923 2106 1155 2152 donantur.

250 2193 323 2243 17.
376 2198 514 2215 -—-«
569 2196 613 2228 et
663 2182 936 2239 suffrutices,
976 2200 1166 2244 quorum
1213 2187 1345 2235 flores
1381 2202 1425 2234 et

657 2257 828 2308 fructus
855 2265 1085 2323 conspicui
1116 2266 1424 2314 defiderantur.

253 2336 326 2385 18.
361 2336 561 2385 Arbores
584 2352 631 2385 es
657 2337 843 2388 frutices
878 2339 1065 2389 floribus
1093 2328 1318 2404 apetaliss

1358 2436 1429 2485 ¹9·
