1643 2776
707 90 968 153 (ιο)

257 245 465 305 Systema
520 259 677 292 contra
746 246 982 296 artificiale
1044 264 1182 296 unum
1242 251 1474 298 characte-

188 339 310 376 rem,
347 324 417 369 vel
446 339 643 383 paucos,
683 325 934 386 systematis
963 329 1302 374 fundamentum
1324 345 1467 390 expe·

184 406 267 455 tit,
297 418 342 449 et
369 405 611 450 secundum
639 406 754 452 hanc
775 419 977 452 normam
1007 408 1170 454 classes
1195 408 1469 468 ordinesque

180 481 452 538 consumit,
491 485 566 540 qui
603 485 787 543 quidem
828 488 1111 532 characteres
1154 503 1244 533 non
1291 490 1467 545 {emper

179 562 334 620 primo
370 563 534 607 intuitu
563 566 605 609 in
634 565 798 610 oculos
835 567 1105 616 incurrunt,
1159 580 1353 612 attamen
1388 581 1468 613 ac-

181 641 380 688 curatius
405 640 659 689 observanti
692 645 740 690 in
767 646 983 690 omuibus
1014 645 1207 706 reperiri
1246 643 1430 693 debent.

677 803 680 807 ·
744 800 773 861 ς
811 800 895 849 111.

240 953 377 1016 Quae
398 953 721 1006 Linnaeus
752 959 996 1018 proposuit
1030 959 1236 1006 methodi
1277 973 1458 1007 natura·

175 1031 231 1079 lis
287 1032 535 1095 fragmenta
578 1038 692 1083 mala
735 1040 979 1098 praecipue
1029 1039 1154 1090 sunt,
1205 1053 1462 1099 eorumque

175 1126 312 1157 notae
355 1113 483 1158 valde
524 1118 769 1175 precariae.
842 1117 918 1162 Sic
962 1116 1210 1163 Olet-meae
1254 1118 1308 1160 ab
1350 1117 1462 1173 usu,

174 1189 433 1237 Immdma‘e
462 1207 485 1237 a
514 1192 655 1251 loco,
691 1193 803 1242 aliae
834 1195 925 1241 alio
969 1195 1110 1241 modo
1151 1194 1267 1240 male
1306 1195 1466 1243 distin·
1526 1198 1536 1205 ’

173 1285 393 1333 guuntur.
1058 1329 1065 1335 ι

244 1349 281 1394 Ε
323 1352 658 1397 recentioribus
703 1352 967 1399 Iussievi
1023 1351 1214 1409 systema
1257 1349 1462 1396 naturale

173 1427 383 1471 maximis
410 1426 620 1475 laudibus
649 1430 867 1486 effertur,
905 1431 977 1475 sed
1006 1444 1092 1474 nec
1130 1428 1221 1486 ipsa
1265 1426 1339 1472 illa
1369 1440 1464 1472 me·

174 1502 342 1548 thodus
370 1505 575 1563 perfecte
599 1509 811 1555 naturalis
840 1509 927 1555 dici
958 1520 1144 1568 potest,
1170 1505 1271 1559 sed,
1300 1519 1460 1563 quam·

172 1584 242 1627 vis
284 1588 473 1631 caeteris
517 1586 677 1632 mcIIus
721 1589 774 1632 ad
814 1587 1059 1633 naturalem
1101 1583 1302 1629 ordinem
1328 1597 1463 1628 acce.

170 1663 278 1715 dat,
317 1678 462 1714 tamen
489 1666 699 1725 pluribus
726 1670 970 1712 etiamnum
1012 1665 1132 1709 vitiis
1158 1663 1286 1707 foeda
1332 1662 1459 1709 vide.-

175 1753 260 1785 tur.
341 1741 462 1787 Cum
492 1758 600 1790 vero
632 1747 739 1790 milii
769 1748 811 1791 in
841 1747 923 1791 hae
949 1745 1263 1790 dissertatione
1290 1740 1345 1786 de
1364 1755 1458 1787 me·

175 1819 318 1865 thodo
344 1821 567 1867 artificiali
597 1839 729 1886 agere
763 1824 1017 1882 praesertim
1055 1824 1100 1865 fit
1134 1820 1448 1878 propositum,

173 1897 322 1953 deque
356 1898 674 1956 systematibus
716 1916 815 1948 ante
859 1901 1013 1947 Linn
1033 1911 1224 1950 acum,
1260 1897 1453 1956 praesta-

174 1978 241 2022 bit
287 1976 341 2021 de
381 1981 600 2026 methodo
641 1980 830 2027 naturali
887 1977 1153 2025 Iussievi
1187 1989 1365 2033 tacere,
1397 1990 1454 2023 ne

170 2058 307 2102 nimis
337 2071 360 2101 a
397 2060 635 2120 propofito
672 2060 874 2105 aberrem
902 2056 1010 2117 (1).

1308 2227 1333 2289 §
1369 2224 1454 2274 IV·

226 2400 304 2452 (ι)
340 2404 400 2441 De
430 2400 537 2439 vitiis
574 2402 632 2439 Iu
653 2400 824 2442 ssievi
860 2401 1082 2452 systematis
1109 2399 1260 2440 consuli
1291 2398 1453 2438 omnino

1381 2478 1461 2508 me.
