1643 2776
688 130 726 193 t
791 128 853 192 89
915 123 948 192 δ

197 281 353 335 'triento
390 286 601 341 i'nnitatui}
638 287 823 343 systema
855 284 1052 340 female,
1087 286 1178 332 hoc
1216 284 1352 347 longe
1388 283 1459 333 illi

199 364 473 411 antecellere
505 365 670 411 nemini
694 363 879 408 dubium
914 377 1090 410 manere
1120 365 1362 424 speramus.

694 518 972 580 §vanL

264 677 383 725 lliud
437 692 586 726 autem
643 673 1111 732 Tournefortii‚
1179 679 1407 739 quamvis'
1441 691 1470 725 a

200 755 352 802 Gallis
382 761 548 816 patriae
576 770 726 801 amore
756 754 903 800 ductis
930 758 1062 802 nimis
1105 755 1170 801 illi
1218 756 1471 802 faventibus

201 840 310 894 'prae
339 839 526 881 caeteris
560 836 769 881 laudibus
810 834 1002 884 elatuim
1049 836 1252 892 quamvis
1290 834 1472 896 elegans

174 912 251 957 'fit
277 926 321 957 et
348 913 534 958 naturali
567 912 784 958 methodo
807 913 997 970 propius
1023 926 1153 968 quam
1189 911 1263 957 Ri
1283 914 1476 958 vinia-

178 1002 229 1034 ⁴n
249 1003 274 1033 u
297 1004 337 1032 m
389 989 601 1043 accedat,
660 991 733 1034 vix
784 1002 944 1036 tame-n·
972 991 1132 1036 melius
1177 1005 1308 1050 quam
1358 989 1475 1036 illud

202 1082 307 1113 cum
344 1068 509 1114 sexuali
538 1070 785 1126 comparari
813 1081 976 1127 potest.
1050 1068 1167 1113 Nam
1195 1082 1240 1113 et
1263 1067 1468 1121 corolla,

194 1157 225 1190 e
253 1148 382 1190 cuius
411 1147 541 1190 variis
568 1143 726 1190 formis
755 1144 915 1190 classes
930 1146 1160 1197 distinxit,
1189 1146 1385 1191 incertus
1400 1157 1470 1190 est

200 1224 437 1269 character
464 1236 510 1269 et
535 1222 731 1269 diversae
754 1223 859 1268 illae
890 1221 1060 1268 formae
1087 1236 1179 1268 non
1221 1223 1318 1268 satis
1355 1222 1466 1268 defi·

195 1304 316 1348 nitae
356 1302 481 1354 sunt,
517 1300 636 1347 unde
665 1301 896 1347 anomalae
932 1301 1119 1354 classes,
1150 1301 1344 1346 dedecus
1374 1301 1464 1361 sys-

193 1381 398 1429 tematis,
436 1392 634 1424 exortae.
716 1378 926 1425 Plurimis
967 1381 1160 1439 denique
1200 1377 1298 1423 aliis
1340 1380 1463 1426 vitiis

175 1455 376 1503 ‘foedum
417 1471 484 1501 est
508 1456 723 1513 systemat,
776 1471 874 1502 nam
911 1470 956 1502 et
992 1458 1151 1502 herbas
1190 1456 1245 1501 ab
1290 1458 1464 1504 arbori-

193 1536 278 1582 bus
331 1535 551 1588 seiunxit,
603 1546 647 1578 et
695 1548 1011 1592 nonnunquam
1064 1534 1118 1579 ad
1166 1537 1463 1596 vegetationis

191 1626 340 1674 partes
382 1611 599 1664 attendit,
644 1625 688 1657 et
724 1615 850 1670 saepe
898 1625 1054 1658 contra
1094 1611 1300 1673 regulas,
1347 1627 1458 1671 quas

192 1690 454 1750 deditip1e‚
485 1702 661 1747 peccat.
728 1689 1007 1736 Linnaeu
1027 1705 1045 1734 s
1069 1703 1214 1734 autem
1236 1691 1296 1735 sui
1326 1691 1462 1749 syste-

195 1771 327 1817 matiS
355 1770 511 1815 merita
533 1768 669 1814 nullis
691 1769 853 1815 horum
884 1771 1097 1817 vitiorum
1126 1767 1394 1816 obscuravit.

710 1927 948 2011 §txuss

253 2079 307 2127 In
351 2082 559 2128 omnibus
596 2082 733 2142 igitur
767 2086 990 2142 anticum,
1047 2098 1099 2131 ut
1141 2084 1459 2131 demonstrasse

191 2160 481 2211 arbitramur,
514 2162 700 2205 obitura
718 2162 906 2220 piurima
925 2179 969 2208 et
986 2164 1119 2208 dubia
1143 2166 1454 2223 reperiuntur:

192 2238 313 2283 suam
344 2240 604 2284 methodum
632 2240 869 2286 clarissima
904 2241 1003 2287 luce
1043 2241 1194 2288 Linn
1215 2256 1354 2287 aeus
1400 2242 1456 2285 il-

187 2313 422 2370 lustravit3
461 2316 524 2361 ilii
562 2316 614 2362 ad
647 2333 777 2378 vagas
805 2334 848 2364 et
876 2323 1065 2365 incertas
1093 2319 1339 2380 plantarum
1371 2337 1456 2367 no·

187 2407 280 2453 ωε,
314 2395 479 2455 quibus
506 2409 551 2441 et
576 2395 703 2457 saepe
728 2411 818 2445 tota
846 2412 1006 2461 genera
1038 2414 1219 2456 carent,
1250 2400 1454 2446 attende-

1314 2493 1443 2526 tunt:
