1643 2776
459 897 1152 957 PROOEMIUM.

175 1115 430 1224 Felicem
484 1168 614 1230 saepe
663 1165 981 1228 praedicarunt
1032 1167 1243 1213 iuvenem
1292 1166 1454 1226 illum,

178 1248 254 1308 qui
294 1249 338 1292 in
380 1246 533 1294 studiis
578 1249 752 1305 semper
807 1246 1020 1292 summam
1071 1259 1307 1303 quaereret
1356 1247 1459 1292 seli-

177 1329 356 1372 citatem
402 1339 536 1385 atque
581 1328 641 1370 ita
682 1324 923 1370 utilitatem
973 1339 1078 1369 cum
1145 1324 1456 1371 oblectatione

176 1395 492 1466 coniungeret.
561 1401 665 1449 Nec
692 1403 853 1448 iniuria
881 1401 1038 1448 felices
1072 1402 1249 1448 studiofi
1281 1418 1456 1450 vocan-

178 1497 276 1537 tur,
332 1484 363 1526 ii
416 1481 698 1542 praesertim,
757 1482 835 1538 qui
905 1479 1105 1526 Naturae
1166 1481 1455 1538 scrutandae,

178 1575 417 1622 quousque
460 1562 578 1606 vires
634 1558 842 1611 tendant,
900 1560 1171 1605 incumbunt
1222 1572 1357 1617 atque
1409 1562 1456 1607 in

178 1643 275 1684 eius
310 1639 698 1697 contemplatione
730 1638 971 1683 maximum
999 1652 1221 1695 quaerunt
1247 1637 1455 1684 oblecta·

179 1731 411 1769 mentum,
449 1717 639 1762 summas
665 1728 842 1774 ponunt
888 1715 1088 1762 delicias.
1161 1715 1278 1770 Sed,
1314 1732 1458 1776 quan·

179 1808 229 1841 to
276 1797 418 1840 maius
455 1794 544 1839 hoc
583 1793 784 1839 Naturae
840 1794 1100 1838 scrutandae
1141 1794 1457 1842 oblectamen·

178 1887 273 1936 *tum
292 1904 308 1927 ‚
343 1887 513 1933 quanto
534 1874 725 1918 maiores
746 1872 828 1917 hae
850 1871 1040 1918 deliciae
1066 1872 1292 1926 evadunt,
1313 1887 1458 1930 quan-

178 1949 240 1996 do
278 1963 458 1996 nosmet
509 1951 630 2011 ipsos
674 1949 977 2003 oblectando,
1030 1952 1155 1998 simul
1212 1954 1456 1998 utilitatem

178 2030 312 2074 nobis
336 2029 508 2087 assequi
534 2043 578 2074 et
604 2028 793 2090 gloriam
814 2041 997 2087 carpere
1012 2030 1286 2087 possumus?
1314 2029 1451 2075 Tunc

180 2108 389 2154 iuvenilis
429 2109 602 2153 animus
642 2109 892 2160 excitatur,
945 2119 1052 2152 tunc
1103 2107 1157 2153 ad
1203 2109 1362 2156 altiora
1407 2120 1454 2152 et

179 2188 345 2230 maiora
374 2187 553 2250 tendere
579 2184 822 2238 audemus,
858 2197 902 2228 et
932 2184 1106 2243 gloria,
1141 2185 1347 2231 stimulus
1377 2184 1458 2230 ille

179 2263 234 2310 ad
256 2265 405 2309 omnia
426 2254 544 2310 ‘bene
576 2262 777 2309 facienda
816 2260 1115 2314 fortisffinus,
1153 2266 1287 2311 nobis
1317 2263 1370 2310 ad
1389 2264 1461 2308 in·

181 2344 439 2401 cipiendum
482 2345 687 2396 animos,
732 2341 785 2388 ad
828 2339 1150 2386 elaborandum
1193 2342 1458 2401 patientiam

179 2419 381 2478 praebet.
450 2419 560 2467 Non
590 2437 748 2482 parum
786 2433 934 2465 autem
964 2419 1252 2469 haefitantem
1291 2418 1461 2470 confir·

784 2499 827 2544 A
863 2512 891 2544 2
1373 2509 1468 2543 ma·
