1643 2776
708 102 964 168 (50)

203 258 328 309 foliis
375 258 604 316 distinxit,
651 257 860 320 adeoque
911 273 1073 307 contra
1109 257 1317 323 regum,
1364 272 1481 326 quas

199 337 325 386 dedit
343 371 360 395 .,
394 341 490 400 ipse
515 339 741 400 peccavit.

669 470 697 531 ς
734 468 1008 518 xxxvm.

262 601 498 649 Laudatur
542 600 1062 660 Tournefortius,
1121 601 1248 662 quod
1308 613 1474 661 genera

197 694 253 726 ex
293 681 395 739 iege
434 685 538 727 artis
579 685 749 742 prinus
789 681 1024 733 condidit3
1075 683 1356 740 vituperatur
1391 693 1472 724 au-

196 772 284 804 tem
305 794 315 809 ,
357 762 480 818 quod
507 760 660 805 eadem
703 760 949 820 aliquando
980 757 1230 814 foliorum,
1265 759 1472 804 radicum

193 852 239 882 ct
276 839 455 882 habmus
500 852 589 897 ope
630 839 750 884 male
784 839 997 886 distinxit.
1083 838 1149 885 Ita
1194 840 1238 883 in
1291 824 1474 898 Isctgbge

193 919 258 962 ml
290 932 386 961 rem
422 916 690 962 hesi-ariam
722 933 767 974 p.
819 920 872 964 61
893 951 907 970 ,
963 917 1152 964 floribus
1195 914 1379 974 quidem
1417 925 1474 961 et

193 995 419 1041 fructibus
461 1011 624 1058 gtvncra
664 1011 687 1040 a
732 994 773 1040 se
811 998 1004 1042 invicem
1036 996 1331 1043 discernenda
1372 995 1473 1040 esse

191 1090 382 1126 monem,
421 1091 464 1121 at
504 1090 612 1120 vero
642 1089 749 1121 mox
791 1076 1050 1137 subiungit:
1099 1109 1134 1131 „
1169 1073 1281 1121 Non
1320 1072 1470 1118 solum

190 1186 224 1211 ‚‚
262 1168 463 1198 caeterae
496 1168 655 1200 omnes
690 1154 938 1214 plantarum
966 1169 1147 1214 ρωπος,
1197 1150 1272 1198 sed
1314 1154 1473 1198 earum'

188 1251 224 1291 ‚3
258 1231 552 1286 affcction‘es‘,
604 1234 835 1278 crescendi
872 1235 1065 1289 modus,
1117 1231 1296 1278 habitus
1324 1242 1371 1275 et
1404 1226 1474 1274 fa·

261 1314 349 1357 cies
380 1314 579 1356 exterior
608 1313 653 1358 in
691 1312 907 1357 auxilium
944 1313 1099 1358 vocari
1132 1311 1327 1364 debent,
1360 1321 1468 1355 cum

261 1390 344 1435 flos
371 1391 494 1434 fin-ui
526 1405 569 1435 et
600 1388 776 1436 fructus
808 1404 898 1434 non
941 1375 1166 1436 sufficiunt
1207 1388 1262 1435 ad
1299 1400 1468 1450 genera

259 1485 381 1516 recte
411 1467 779 1529 distinguenda.'’
828 1489 837 1492 „

252 1548 304 1595 In
349 1548 584 1608 specii-bus
631 1550 772 1609 magis
811 1549 944 1593 etiam
991 1549 1150 1594 devius
1202 1546 1349 1593 factus
1394 1556 1466 1590 est

186 1628 229 1676 T
245 1643 274 1674 0
290 1644 316 1673 u
335 1642 355 1673 r
370 1643 397 1673 n
414 1642 438 1672 e
455 1625 514 1671 fo
530 1641 548 1669 r
565 1642 579 1671 t
596 1629 607 1671 i
624 1640 651 1671 u
672 1639 690 1669 s
705 1660 721 1682 .‚
737 1627 971 1676 varietates
996 1627 1214 1687 plurimas
1230 1627 1273 1670 in
1292 1625 1467 1682 specie-

188 1721 287 1752 rum
332 1719 570 1751 numerum
617 1704 865 1760 inducens3
904 1719 1043 1763 quare
1072 1706 1243 1765 species
1270 1717 1467 1751 erroneo

186 1784 483 1830 fundamento
512 1783 830 1838 superstructas
854 1783 915 1826 ita
942 1797 1134 1827 numero
1160 1783 1372 1834 adauxit..
1403 1795 1456 1830 ut

184 1863 410 1909 summum
439 1877 496 1908 ex
519 1877 576 1908 eo
613 1861 872 1920 respublica
896 1860 1112 1907 Botanica
1137 1862 1462 1907 detrimentum

182 1944 377 2002 ceperit.
480 1941 547 1988 Ita
589 1954 774 1987 testatur
808 1941 1163 1996 Linnacus,
1199 1974 1232 1996 ‚‚
1267 1938 1463 1986 Tour-

182 2053 219 2079 ‚‚
256 2019 604 2067 nefortium
657 2033 799 2066 castra
858 2020 1234 2081 anthophilorum
1290 2020 1461 2065 intran-

182 2129 218 2154 ‚,
253 2112 374 2153 tem,
426 2098 618 2155 vidisse,
684 2113 909 2157 tamqnam
961 2099 1221 2159 polyedm,
1273 2100 1319 2144 in
1361 2106 1460 2145 uno

181 2209 216 2232 „
250 2175 519 2235 Hyacintho
556 2177 616 2237 63
648 2190 693 2222 et
723 2179 766 2222 in
795 2181 927 2225 unica
967 2177 1135 2238 Tulipa
1163 2191 1226 2236 93
1258 2177 1458 2238 species,

179 2276 216 2303 0.
252 2269 384 2318 quam
436 2270 484 2301 re
548 2256 642 2317 ipsa
694 2257 866 2316 essent,
915 2256 1070 2319 plures
1108 2253 1239 2322 (1).'’
1333 2256 1458 2305 Hinc

1271 2334 1457 2384 Toup

188 1345 222 1370 9)

187 1424 222 1449 '²

186 1505 222 1529 ²,

237 2409 317 2464 (3)
351 2415 396 2452 In
425 2413 533 2455 Phil.
557 2415 649 2455 Bot.
681 2417 702 2466 §
734 2416 836 2456 266.

291 2498 311 2525 Ι
