1643 2776
664 101 924 172 (90)

161 269 306 311 mint:
353 258 428 305 hic
462 257 770 305 constantibus
801 270 851 302 et
886 257 1145 305 certissimis
1175 253 1448 310 characteri·

172 339 284 386 bus.
321 340 396 397 qui
424 351 479 382 ne
506 339 548 380 in
576 337 667 383 ulla
695 338 878 395 quidem
908 338 1055 397 specie
1083 339 1240 388 desunt
1309 338 1447 396 syste-

170 432 241 464 ma
273 417 596 474 superstruxitz,
633 415 813 461 illorum
845 416 1026 473 plurimi
1062 417 1234 475 plantas
1255 420 1446 476 gemmis

170 510 373 540 carentes
395 510 417 537 a
440 493 719 554 gemmiferis
743 494 1054 540 seiunxerunt:
1083 497 1156 540 hic
1176 495 1444 549 coniunxit;

159 564 234 618 ‘illi
284 574 454 631 saepius
500 573 554 617 ad
596 574 892 632 vegetationis
937 587 1084 629 partes
1129 573 1440 626 attenderunt:

169 651 246 696 hic
272 664 548 707 numquam3
585 649 649 694 illi
669 683 683 699 .‚
712 651 832 707 quafi
866 651 909 695 in
941 651 1156 697 classibus
1186 651 1446 696 ordinibus·

171 745 262 788 que
295 744 383 774 non
405 729 508 784 satis
541 728 834 779 erravissent,
863 743 1025 790 genera
1054 732 1186 774 etiam
1212 730 1447 787 etspecics

168 810 215 855 in
253 816 470 852 luminum
512 806 720 852 damnum
756 807 997 853 Botanices
1037 807 1442 859 commiscuerunt,

168 887 230 932 ita
256 900 304 930 ut
330 886 493 929 merito
528 884 584 930 de
625 888 677 930 iis
729 884 899 930 dictum
935 888 1009 929 fit:
1055 917 1094 938 ,,
1131 885 1316 942 quoties
1357 885 1449 929 sur-

143 997 206 1020 ‚„
240 977 316 1025 gat
351 977 498 1009 novus
544 963 852 1021 systematicus
892 965 1029 1008 tories
1063 963 1248 1008 horrere
1287 964 1447 1008 orbem

168 1075 204 1100 ,‚
241 1038 546 1088 Botanicurn'’
573 1039 687 1100 (1):
741 1041 1051 1086 Linnaeus
1102 1041 1263 1086 classes
1299 1055 1344 1086 et
1377 1056 1451 1091 ot·

170 1122 297 1167 dines
337 1133 426 1164 non
459 1132 628 1164 tantum
654 1117 805 1163 firmas
829 1120 1094 1171 constituit,
1129 1133 1285 1164 verum
1310 1133 1453 1178 gene·

170 1212 217 1245 ra
261 1201 393 1244 etiam
432 1210 476 1241 et
511 1198 683 1253 ipecies
716 1198 774 1239 ita
801 1196 1007 1258 digesfit‚
1043 1211 1094 1242 ut
1144 1200 1189 1243 in
1217 1210 1451 1256 posterum

175 1272 313 1334 longe
354 1275 572 1318 certiores
615 1278 842 1319 maritume
885 1277 965 1322 fint
1012 1288 1058 1320 et
1107 1289 1453 1322 monumentum

173 1355 351 1399 auctori
381 1351 556 1398 sururae
581 1353 659 1398 sint
686 1367 932 1399 aeternum.

180 1450 183 1452 ·
241 1431 407 1478 Torani
442 1429 704 1477 Botanicam
745 1431 970 1477 indefesso
996 1430 1153 1478 labore
1189 1430 1451 1478 reformavit

175 1509 288 1558 Lin
309 1524 490 1554 naeus
518 1522 562 1553 et
597 1509 770 1554 sexuale
799 1510 988 1568 systema
1035 1509 1275 1556 condendo
1312 1511 1447 1556 nobis

173 1589 513 1648 nepotibusque
539 1589 705 1632 nosuis
746 1588 840 1632 viae
880 1585 1040 1630 ducem
1082 1587 1279 1644 obtulit,
1313 1601 1451 1646 quem

175 1670 423 1728 praecipue
463 1672 695 1724 requentes
724 1664 974 1709 doctrinam
1011 1663 1271 1710 Botanicam
1312 1667 1454 1725 magis

178 1758 412 1805 magzsque
463 1743 676 1790 excolere
724 1756 770 1788 et
807 1743 860 1787 ad
900 1742 1112 1787 altiorem
1153 1742 1451 1803 perfectionis

179 1825 364 1886 gradum
403 1823 595 1868 evehere
630 1822 894 1882 poterimus.

235 1966 314 2018 (1)
349 1967 437 2006 vid.
476 1967 763 2008 Linnaeus
782 1994 794 2014 ,
836 1965 875 2002 in
911 1967 1078 2016 praefat.
1117 1967 1155 2004 in
1179 1977 1319 2014 genera
1348 1968 1455 2017 plan-

180 2051 336 2088 tarum,
367 2040 388 2091 §
427 2039 467 2078 8.

1349 2436 1457 2487 CA-
