1643 2776
677 103 936 168 (54)

175 292 211 318 ,‚
244 259 532 307 similitudine
561 259 722 306 florum
754 259 830 305 vix
861 257 955 305 duo
997 260 1300 317 conveniantz
1338 263 1459 322 quin

173 371 207 395 ,‚
246 341 273 384 fi
301 339 808 385 det-nusfimilitudinem
826 340 918 384 dari
948 341 1064 384 inter
1088 340 1294 397 aliquos,
1332 355 1451 401 quo·

175 453 209 476 „
247 435 391 481 usque
419 420 700 466 extendenda
741 419 791 464 fit
821 419 933 464 haec
967 414 1211 464 fimil‘itudo
1256 423 1300 466 in
1339 434 1453 465 con-

175 531 211 554 „
247 500 479 545 stituendis
514 500 754 561 generibus
779 510 824 542 et
850 499 926 543 ubi
960 497 1090 543 limes
1128 498 1328 543 diversae
1356 498 1454 543 for·

176 611 211 636 ‚,
249 593 344 622 mae
365 577 517 630 flotin,
553 578 679 622 verbi
711 578 884 636 gratia,
918 577 1033 622 inter
1060 577 1457 638 Cal-yoplzyllaceos

171 689 207 713 ,‚
244 671 287 701 et
316 654 532 707 Rofaceos
563 669 608 701 et
637 658 752 700 inter
783 657 978 700 utrosvis
1019 656 1181 702 horum
1217 669 1262 701 et
1290 655 1458 702 Tetra·

169 764 205 791 ,‚
234 734 409 795 petalos
432 732 765 795 Siliquosaerum
800 736 849 779 fit
868 735 1173 792 statuendum,
1195 737 1297 794 quis
1317 745 1456 796 quae·

175 847 211 874 ,‚
247 814 325 868 so,
361 813 678 860 determinabit
705 810 869 874 (1)?’'

660 969 690 1031 ς
726 968 881 1018 XLn.

237 1123 458 1187 Denique
484 1141 576 1174 non
610 1141 769 1175 omnes
804 1127 1055 1188 plantarum
1089 1128 1266 1188 species
1300 1125 1456 1186 corol-

172 1204 218 1252 la
255 1206 477 1267 gaudentz,
519 1208 594 1250 has
621 1209 758 1268 igitur
788 1207 1044 1252 discernere
1095 1208 1336 1253 methodus
1376 1206 1459 1253 511ae

171 1298 263 1329 non
299 1299 482 1343 potest,
519 1285 646 1342 quod
675 1300 720 1332 et
749 1286 844 1343 ipse
889 1287 1081 1343 ingenue
1112 1284 1340 1343 professus
1384 1297 1460 1331 est

173 1361 217 1408 T
235 1377 264 1408 o
280 1378 307 1407 u
327 1378 347 1407 r
364 1378 392 1408 n
410 1378 435 1408 e
452 1362 510 1407 fo
527 1380 546 1409 ι·
562 1380 577 1409 t
594 1367 605 1409 i
623 1379 651 1410 u
668 1381 685 1409 s
717 1361 891 1424 (Instit.
916 1363 988 1407 rei
1003 1363 1270 1409 Herbariae
1293 1378 1339 1422 p.
1358 1364 1455 1424 67)

172 1438 358 1485 dicens:
399 1475 432 1494 ,‚
469 1440 636 1489 Fateor
675 1443 939 1488 methodum
980 1457 1121 1488 meam
1159 1455 1448 1500 nequaquam

173 1555 209 1580 ,‚
245 1521 493 1567 absolutam
525 1525 648 1580 esse3
687 1536 790 1568 cum
826 1521 986 1566 classes
1021 1521 1303 1580 plantarum,
1340 1534 1458 1581 quae

174 1632 211 1657 „
249 1598 436 1645 floribus
482 1616 637 1647 carent
685 1599 1074 1658 comprehendere
1116 1612 1344 1656 nequeat3
1384 1599 1458 1646 sed

173 1711 211 1735 ‚,
246 1693 349 1724 cum
397 1678 499 1724 illae
551 1680 790 1735 pauciores
852 1678 960 1732 sint,
1023 1680 1291 1733 methoduS‚
1341 1692 1459 1736 quae

173 1789 211 1814 ,,
247 1760 436 1803 caeteris
466 1757 701 1815 hucusque
729 1758 975 1814 propofitis
1002 1756 1139 1818 longe
1171 1758 1311 1816 magis
1327 1772 1460 1804 com·

176 1869 213 1893 „
251 1838 384 1882 moda
414 1838 616 1891 videtur,
656 1838 783 1882 reiici
814 1849 904 1881 non
932 1836 1096 1889 debet,
1132 1850 1236 1880 cum
1265 1838 1458 1896 paucio·

176 1948 212 1970 ‚‚
249 1915 373 1961 ribus
413 1917 532 1960 vitiis
582 1929 794 1975 urgeatur
826 1928 871 1958 et
909 1915 964 1960 ad
1005 1914 1256 1972 plantarum
1290 1917 1455 1976 cogui-

178 2027 215 2050 „
253 1997 421 2038 tionem
444 2008 710 2053 extempore
738 1993 1054 2053 assequendam
1086 1993 1364 2040 conducat.”
1401 1994 1454 2043 In

179 2086 237 2116 eo
272 2087 417 2116 autem
449 2072 561 2116 haud
594 2071 730 2117 dubie
761 2073 979 2119 laudanda
1016 2073 1288 2127 methodus,
1324 2074 1455 2135 quod

178 2152 223 2196 in
252 2151 507 2196 universum
545 2149 646 2197 satis
682 2150 798 2198 bene
820 2154 873 2198 ad
895 2152 1142 2199 naturalem
1163 2153 1378 2210 accedat,
1402 2166 1450 2200 et

179 2231 422 2276 fecundum
457 2228 799 2277 Adansonii
848 2230 988 2286 (loco
1024 2231 1195 2292 citato)
1241 2229 1455 2278 sententi-

1349 2323 1453 2369 am,

236 2394 318 2448 (ι)
352 2402 398 2440 In
426 2401 674 2452 praefatione
702 2401 749 2442 ad
775 2401 1007 2443 methodum
1037 2400 1294 2443 emendatam.
