1643 2776
686 84 719 144 ἰ
782 99 843 144 42
907 83 943 146 >

282 257 331 302 4.
360 239 523 290 Flores
551 240 776 304 regulares
810 236 1075 297 tetrapetali.

278 335 326 382 5.
817 313 1107 380 pentapetali.

277 400 329 448 6.
366 416 780 432 --·-·--··-
821 393 1092 456 hexapetali.

681 495 789 507 --
825 472 1088 535 polypetali.

276 490 519 539 7·--

279 557 325 607 8.
561 555 812 612 composui
854 567 912 599 ex
969 550 1171 598 flosculis
1228 547 1444 613 regulari-

631 634 729 678 bus.
1032 679 1034 683 ,

274 725 325 773 9.
561 712 803 771 compoflti
861 723 915 756 ex
974 709 1178 757 flosculis
1232 706 1453 770 regulari-

630 790 713 834 bus
737 802 782 834 et
805 788 1138 849 irregularibus,

253 880 326 915 ιο.
361 889 521 904 --—
557 867 797 927 compofiti
856 880 911 912 ex
971 865 1174 913 flosculis
1227 862 1451 928 irregula0.

622 949 763 994 ribus.

250 1035 326 1071 n.
359 1043 525 1058 ---
553 1023 824 1087 irregulares
857 1022 1158 1080 monopetali.

246 1114 320 1150 12.
357 1121 826 1137 -·---··—-··-
863 1101 1066 1158 dipetnli.

246 1193 322 1240 13.
359 1200 821 1213 ———--—
869 1177 1082 1237 tripetali.

254 1269 331 1314 14·
366 1275 817 1291 ·····'·····----
858 1255 1125 1315 tetrapetali.

249 1347 326 1395 15.
363 1356 828 1370 ——--·--—--—-
864 1334 1156 1394 pentapetali.

867 1412 1137 1471 hexapetali.

247 1502 321 1552 17.-
341 1484 836 1525 ·--···-··--’-·--·-’
863 1490 1133 1549 ροΙγρεεεΗ.

250 1570 325 1618 18.
360 1586 525 1602 ----
558 1566 836 1628 incompletif
863 1567 1152 1629 imperfecti..

247 1419 322 1460 16.
359 1432 677 1445 ---·--·-

703 1722 940 1786 §XXXL

247 1884 523 1938 character,
559 1896 653 1944 quo
685 1879 845 1928 classes
876 1883 921 1928 in
959 1881 1050 1929 hoc
1080 1883 1316 1941 systemate
1358 1881 1447 1929 dis.

183 1966 483 2024 tinguuntur,
531 1960 667 2010 facile
701 1961 929 2008 observari
971 1976 1137 2020 potest.
1206 1960 1335 2008 Hanc
1383 1963 1446 2008 ob

181 2043 386 2095 causam,
434 2054 525 2086 tum
584 2043 715 2088 etiam
753 2039 816 2084 ob
871 2041 1278 2100 perspicuitatem„
1308 2055 1445 2102 quam

181 2121 344 2173 habet,
383 2118 600 2164 facillima
629 2115 743 2164 esset
771 2119 880 2165 haec
921 2120 1190 2170 methodus,
1226 2120 1301 2164 nist
1341 2120 1448 2164 cba-

180 2213 325 2246 racter
351 2213 375 2244 e
404 2197 564 2257 petalis
590 2196 817 2245 desumtus
845 2200 888 2245 in
915 2212 1000 2244 una
1025 2199 1273 2257 eademque
1296 2198 1447 2257 planta

179 2278 387 2341 pluribus
436 2278 760 2324 mutationibus
804 2277 920 2323 esset
980 2275 1223 2322 obnoxius.
1324 2275 1445 2322 Nam

180 2371 226 2404 et
275 2356 400 2419 quod
444 2355 503 2402 ad
545 2353 745 2406 cotellae
802 2367 1038 2406 uumetum
1084 2352 1265 2416 saepius.
1315 2356 1446 2401 aber·

1382 2445 1448 2479 rat
