<?xml version="1.0" encoding="UTF-8"?>
<!DOCTYPE html PUBLIC "-//W3C//DTD XHTML 1.0 Transitional//EN"
    "http://www.w3.org/TR/xhtml1/DTD/xhtml1-transitional.dtd">
<html xmlns="http://www.w3.org/1999/xhtml" xml:lang="en" lang="en">
 <head>
  <title>
</title>
<meta http-equiv="Content-Type" content="text/html;charset=utf-8" />
  <meta name='ocr-system' content='tesseract 3.04.00' />
  <meta name='ocr-capabilities' content='ocr_page ocr_carea ocr_par ocr_line ocrx_word'/>
</head>
<body>
  <div class='ocr_page' id='page_1' title='image "./commentatiodesys00hall_0062.png"; bbox 0 0 1643 2776; ppageno 0'>
   <div class='ocr_carea' id='block_1_1' title="bbox 663 94 924 158">
    <p class='ocr_par' dir='ltr' id='par_1_1' title="bbox 663 94 924 158">
     <span class='ocr_line' id='line_1_1' title="bbox 663 94 924 158; baseline -0.008 0"><span class='ocrx_word' id='word_1_1' title='bbox 663 94 924 158; x_wconf 78' lang='lat'><em>(52)</em></span> 
     </span>
    </p>
   </div>
   <div class='ocr_carea' id='block_1_2' title="bbox 157 248 1485 693">
    <p class='ocr_par' dir='ltr' id='par_1_2' title="bbox 157 248 1485 693">
     <span class='ocr_line' id='line_1_2' title="bbox 173 248 1444 312; baseline 0.002 -13"><span class='ocrx_word' id='word_1_2' title='bbox 173 266 320 300; x_wconf 80' lang='lat' dir='ltr'><strong>autem</strong></span> <span class='ocrx_word' id='word_1_3' title='bbox 353 251 415 299; x_wconf 90' lang='lat' dir='ltr'><strong>ob</strong></span> <span class='ocrx_word' id='word_1_4' title='bbox 457 248 572 298; x_wconf 88' lang='lat' dir='ltr'>illud</span> <span class='ocrx_word' id='word_1_5' title='bbox 605 254 650 298; x_wconf 89' lang='lat' dir='ltr'><strong>in</strong></span> <span class='ocrx_word' id='word_1_6' title='bbox 682 249 903 298; x_wconf 80' lang='lat' dir='ltr'>artificiali</span> <span class='ocrx_word' id='word_1_7' title='bbox 934 250 1173 310; x_wconf 85' lang='lat' dir='ltr'>systemate</span> <span class='ocrx_word' id='word_1_8' title='bbox 1216 251 1444 312; x_wconf 61' lang='lat' dir='ltr'>divisionis</span> 
     </span>
     <span class='ocr_line' id='line_1_3' title="bbox 166 331 1441 392; baseline -0.001 -15"><span class='ocrx_word' id='word_1_9' title='bbox 166 331 506 378; x_wconf 85' lang='lat' dir='ltr'><strong>fundamentum</strong></span> <span class='ocrx_word' id='word_1_10' title='bbox 527 365 540 386; x_wconf 89' lang='lat'>‚</span> <span class='ocrx_word' id='word_1_11' title='bbox 561 331 684 392; x_wconf 86' lang='lat' dir='ltr'>quod</span> <span class='ocrx_word' id='word_1_12' title='bbox 703 344 758 376; x_wconf 87' lang='lat' dir='ltr'><strong>ex</strong></span> <span class='ocrx_word' id='word_1_13' title='bbox 789 332 976 375; x_wconf 86' lang='lat' dir='ltr'><strong>arbitrio</strong></span> <span class='ocrx_word' id='word_1_14' title='bbox 1001 331 1222 386; x_wconf 82' lang='lat' dir='ltr'><strong>cuiusque</strong></span> <span class='ocrx_word' id='word_1_15' title='bbox 1245 332 1441 390; x_wconf 77' lang='lat' dir='ltr'><strong>pendet,</strong></span> 
     </span>
     <span class='ocr_line' id='line_1_4' title="bbox 166 409 1485 469; baseline 0 -14"><span class='ocrx_word' id='word_1_16' title='bbox 166 409 423 468; x_wconf 78' lang='lat' dir='ltr'><strong>discerpere</strong></span> <span class='ocrx_word' id='word_1_17' title='bbox 449 424 539 455; x_wconf 84' lang='lat' dir='ltr'><strong>non</strong></span> <span class='ocrx_word' id='word_1_18' title='bbox 565 409 704 461; x_wconf 63' lang='lat' dir='ltr'><strong>licet,</strong></span> <span class='ocrx_word' id='word_1_19' title='bbox 740 423 887 468; x_wconf 83' lang='lat' dir='ltr'><strong>neque</strong></span> <span class='ocrx_word' id='word_1_20' title='bbox 911 410 1044 452; x_wconf 82' lang='lat' dir='ltr'><strong>etiam</strong></span> <span class='ocrx_word' id='word_1_21' title='bbox 1075 422 1310 454; x_wconf 84' lang='lat' dir='ltr'><strong>numerum</strong></span> <span class='ocrx_word' id='word_1_22' title='bbox 1342 411 1441 469; x_wconf 85' lang='lat' dir='ltr'><strong>spe·</strong></span> <span class='ocrx_word' id='word_1_23' title='bbox 1479 412 1485 416; x_wconf 84' lang='lat'>&#39;</span> 
     </span>
     <span class='ocr_line' id='line_1_5' title="bbox 165 486 1439 548; baseline -0.002 -14"><span class='ocrx_word' id='word_1_24' title='bbox 165 492 336 535; x_wconf 79' lang='lat' dir='ltr'><strong>ciorum</strong></span> <span class='ocrx_word' id='word_1_25' title='bbox 391 502 567 548; x_wconf 73' lang='lat' dir='ltr'><strong>praeter</strong></span> <span class='ocrx_word' id='word_1_26' title='bbox 622 489 928 533; x_wconf 71' lang='lat' dir='ltr'><strong>necesfitatem</strong></span> <span class='ocrx_word' id='word_1_27' title='bbox 977 501 1157 547; x_wconf 81' lang='lat' dir='ltr'><strong>augere.</strong></span> <span class='ocrx_word' id='word_1_28' title='bbox 1256 486 1439 532; x_wconf 73' lang='lat' dir='ltr'><strong>Genera</strong></span> 
     </span>
     <span class='ocr_line' id='line_1_6' title="bbox 157 567 1436 626; baseline 0.001 -13"><span class='ocrx_word' id='word_1_29' title='bbox 157 571 276 613; x_wconf 77' lang='lat' dir='ltr'><strong>enim</strong></span> <span class='ocrx_word' id='word_1_30' title='bbox 307 581 352 613; x_wconf 88' lang='lat' dir='ltr'><strong>et</strong></span> <span class='ocrx_word' id='word_1_31' title='bbox 382 567 553 624; x_wconf 76' lang='lat' dir='ltr'><strong>species</strong></span> <span class='ocrx_word' id='word_1_32' title='bbox 590 579 745 610; x_wconf 83' lang='lat' dir='ltr'><strong>natura</strong></span> <span class='ocrx_word' id='word_1_33' title='bbox 779 568 953 611; x_wconf 76' lang='lat' dir='ltr'><strong>creavit</strong></span> <span class='ocrx_word' id='word_1_34' title='bbox 986 568 1075 624; x_wconf 84' lang='lat'><strong>(1)</strong></span> <span class='ocrx_word' id='word_1_35' title='bbox 1114 580 1160 610; x_wconf 86' lang='lat' dir='ltr'><strong>et</strong></span> <span class='ocrx_word' id='word_1_36' title='bbox 1196 579 1312 626; x_wconf 83' lang='lat' dir='ltr'><strong>quae</strong></span> <span class='ocrx_word' id='word_1_37' title='bbox 1358 580 1436 614; x_wconf 85' lang='lat' dir='ltr'><strong>na-</strong></span> 
     </span>
     <span class='ocr_line' id='line_1_7' title="bbox 159 643 1261 693; baseline -0.002 0"><span class='ocrx_word' id='word_1_38' title='bbox 159 660 257 693; x_wconf 77' lang='lat' dir='ltr'><strong>tura</strong></span> <span class='ocrx_word' id='word_1_39' title='bbox 283 646 521 692; x_wconf 68' lang='lat' dir='ltr'>coniunxit</span> <span class='ocrx_word' id='word_1_40' title='bbox 555 643 729 690; x_wconf 81' lang='lat' dir='ltr'>homini</span> <span class='ocrx_word' id='word_1_41' title='bbox 762 643 980 690; x_wconf 84' lang='lat' dir='ltr'><strong>divellere</strong></span> <span class='ocrx_word' id='word_1_42' title='bbox 1009 657 1101 689; x_wconf 87' lang='lat' dir='ltr'><strong>non</strong></span> <span class='ocrx_word' id='word_1_43' title='bbox 1131 644 1261 691; x_wconf 79' lang='lat' dir='ltr'><strong>licet.</strong></span> 
     </span>
    </p>
   </div>
   <div class='ocr_carea' id='block_1_3' title="bbox 705 798 875 859">
    <p class='ocr_par' dir='ltr' id='par_1_3' title="bbox 705 798 875 859">
     <span class='ocr_line' id='line_1_8' title="bbox 705 798 875 859; baseline 0.006 -13"><span class='ocrx_word' id='word_1_44' title='bbox 705 799 733 859; x_wconf 67' lang='grc' dir='ltr'><em>ς</em></span> <span class='ocrx_word' id='word_1_45' title='bbox 769 798 875 847; x_wconf 83' lang='lat' dir='ltr'><strong>XL.</strong></span> 
     </span>
    </p>
   </div>
   <div class='ocr_carea' id='block_1_4' title="bbox 147 957 1449 2121">
    <p class='ocr_par' dir='ltr' id='par_1_4' title="bbox 147 957 1449 2121">
     <span class='ocr_line' id='line_1_9' title="bbox 218 957 1439 1021; baseline -0.004 -11"><span class='ocrx_word' id='word_1_46' title='bbox 218 961 480 1019; x_wconf 80' lang='lat' dir='ltr'><strong>Praeterea,</strong></span> <span class='ocrx_word' id='word_1_47' title='bbox 529 962 735 1021; x_wconf 83' lang='lat' dir='ltr'><strong>quamvis</strong></span> <span class='ocrx_word' id='word_1_48' title='bbox 778 960 863 1007; x_wconf 92' lang='lat' dir='ltr'><strong>To</strong></span> <span class='ocrx_word' id='word_1_49' title='bbox 882 978 908 1007; x_wconf 88' lang='lat' dir='ltr'>u</span> <span class='ocrx_word' id='word_1_50' title='bbox 927 978 987 1009; x_wconf 87' lang='lat' dir='ltr'><strong>rn</strong></span> <span class='ocrx_word' id='word_1_51' title='bbox 1007 960 1282 1008; x_wconf 86' lang='lat' dir='ltr'><strong>efortius</strong></span> <span class='ocrx_word' id='word_1_52' title='bbox 1317 957 1439 1006; x_wconf 86' lang='lat' dir='ltr'><strong>mul·</strong></span> 
     </span>
     <span class='ocr_line' id='line_1_10' title="bbox 153 1039 1438 1087; baseline -0.002 0"><span class='ocrx_word' id='word_1_53' title='bbox 153 1054 216 1087; x_wconf 80' lang='lat' dir='ltr'><strong>tas</strong></span> <span class='ocrx_word' id='word_1_54' title='bbox 243 1042 468 1087; x_wconf 75' lang='lat' dir='ltr'>distinctas</span> <span class='ocrx_word' id='word_1_55' title='bbox 492 1055 535 1085; x_wconf 83' lang='lat' dir='ltr'><strong>et</strong></span> <span class='ocrx_word' id='word_1_56' title='bbox 565 1040 663 1084; x_wconf 77' lang='lat' dir='ltr'>satis</span> <span class='ocrx_word' id='word_1_57' title='bbox 686 1039 939 1087; x_wconf 76' lang='lat' dir='ltr'><strong>constantes</strong></span> <span class='ocrx_word' id='word_1_58' title='bbox 967 1041 1240 1087; x_wconf 74' lang='lat' dir='ltr'><strong>coronarum</strong></span> <span class='ocrx_word' id='word_1_59' title='bbox 1267 1039 1438 1086; x_wconf 78' lang='lat' dir='ltr'><strong>formas</strong></span> 
     </span>
     <span class='ocr_line' id='line_1_11' title="bbox 154 1117 1436 1195; baseline 0.001 -31"><span class='ocrx_word' id='word_1_60' title='bbox 154 1120 272 1165; x_wconf 84' lang='lat' dir='ltr'><strong>bene</strong></span> <span class='ocrx_word' id='word_1_61' title='bbox 300 1121 502 1176; x_wconf 75' lang='lat' dir='ltr'>ceperit,</span> <span class='ocrx_word' id='word_1_62' title='bbox 540 1133 631 1163; x_wconf 83' lang='lat' dir='ltr'><strong>non</strong></span> <span class='ocrx_word' id='word_1_63' title='bbox 666 1131 813 1195; x_wconf 56' lang='lat' dir='ltr'><strong>tamen</strong></span> <span class='ocrx_word' id='word_1_64' title='bbox 848 1119 1040 1176; x_wconf 73' lang='lat' dir='ltr'><strong>plurima</strong></span> <span class='ocrx_word' id='word_1_65' title='bbox 1082 1118 1156 1164; x_wconf 86' lang='lat' dir='ltr'>illa</span> <span class='ocrx_word' id='word_1_66' title='bbox 1187 1117 1436 1165; x_wconf 87' lang='lat' dir='ltr'><strong>formarum</strong></span> 
     </span>
     <span class='ocr_line' id='line_1_12' title="bbox 157 1195 1436 1256; baseline 0.002 -15"><span class='ocrx_word' id='word_1_67' title='bbox 157 1197 445 1250; x_wconf 56' lang='lat' dir='ltr'><strong>discrirm‘na,</strong></span> <span class='ocrx_word' id='word_1_68' title='bbox 483 1211 597 1253; x_wconf 80' lang='lat' dir='ltr'><strong>quae</strong></span> <span class='ocrx_word' id='word_1_69' title='bbox 624 1210 778 1243; x_wconf 83' lang='lat' dir='ltr'><strong>natura</strong></span> <span class='ocrx_word' id='word_1_70' title='bbox 806 1197 1112 1256; x_wconf 74' lang='lat' dir='ltr'><strong>polymorpha</strong></span> <span class='ocrx_word' id='word_1_71' title='bbox 1155 1199 1201 1244; x_wconf 86' lang='lat' dir='ltr'><strong>in</strong></span> <span class='ocrx_word' id='word_1_72' title='bbox 1243 1195 1436 1243; x_wconf 83' lang='lat' dir='ltr'>floribus</span> 
     </span>
     <span class='ocr_line' id='line_1_13' title="bbox 155 1274 1434 1328; baseline 0 -7"><span class='ocrx_word' id='word_1_73' title='bbox 155 1274 359 1322; x_wconf 80' lang='lat' dir='ltr'>creandis</span> <span class='ocrx_word' id='word_1_74' title='bbox 417 1275 633 1328; x_wconf 62' lang='lat' dir='ltr'><strong>exhibet,</strong></span> <span class='ocrx_word' id='word_1_75' title='bbox 689 1279 837 1321; x_wconf 79' lang='lat' dir='ltr'>omnia</span> <span class='ocrx_word' id='word_1_76' title='bbox 899 1277 1112 1321; x_wconf 78' lang='lat' dir='ltr'><strong>clasfibus</strong></span> <span class='ocrx_word' id='word_1_77' title='bbox 1166 1276 1253 1321; x_wconf 83' lang='lat' dir='ltr'>suis</span> <span class='ocrx_word' id='word_1_78' title='bbox 1301 1289 1434 1321; x_wconf 87' lang='lat' dir='ltr'><strong>com·</strong></span> 
     </span>
     <span class='ocr_line' id='line_1_14' title="bbox 147 1352 1436 1414; baseline 0.001 -16"><span class='ocrx_word' id='word_1_79' title='bbox 147 1352 432 1414; x_wconf 78' lang='lat' dir='ltr'><strong>prehendere</strong></span> <span class='ocrx_word' id='word_1_80' title='bbox 461 1354 644 1410; x_wconf 78' lang='lat' dir='ltr'>potuit3</span> <span class='ocrx_word' id='word_1_81' title='bbox 683 1356 802 1400; x_wconf 84' lang='lat' dir='ltr'><strong>unde</strong></span> <span class='ocrx_word' id='word_1_82' title='bbox 825 1354 1040 1400; x_wconf 64' lang='lat' dir='ltr'>classibus</span> <span class='ocrx_word' id='word_1_83' title='bbox 1080 1362 1124 1412; x_wconf 80' lang='lat'><strong>3¹</strong></span> <span class='ocrx_word' id='word_1_84' title='bbox 1149 1366 1193 1398; x_wconf 85' lang='lat' dir='ltr'><strong>et</strong></span> <span class='ocrx_word' id='word_1_85' title='bbox 1228 1361 1300 1398; x_wconf 76' lang='grc' dir='ltr'><strong>Η·</strong></span> <span class='ocrx_word' id='word_1_86' title='bbox 1332 1366 1436 1399; x_wconf 90' lang='lat' dir='ltr'><strong>om-</strong></span> 
     </span>
     <span class='ocr_line' id='line_1_15' title="bbox 153 1427 1435 1495; baseline -0.001 -19"><span class='ocrx_word' id='word_1_87' title='bbox 153 1445 235 1476; x_wconf 87' lang='lat' dir='ltr'><strong>nes</strong></span> <span class='ocrx_word' id='word_1_88' title='bbox 294 1432 588 1476; x_wconf 77' lang='lat' dir='ltr'><strong>continentur</strong></span> <span class='ocrx_word' id='word_1_89' title='bbox 642 1431 919 1495; x_wconf 75' lang='lat' dir='ltr'><strong>cqrollarum</strong></span> <span class='ocrx_word' id='word_1_90' title='bbox 962 1433 1165 1485; x_wconf 65' lang='lat' dir='ltr'><strong>formae,</strong></span> <span class='ocrx_word' id='word_1_91' title='bbox 1225 1443 1343 1490; x_wconf 84' lang='lat' dir='ltr'><strong>quae</strong></span> <span class='ocrx_word' id='word_1_92' title='bbox 1377 1427 1435 1475; x_wconf 84' lang='lat' dir='ltr'><strong>ad</strong></span> 
     </span>
     <span class='ocr_line' id='line_1_16' title="bbox 155 1508 1436 1568; baseline 0.001 -13"><span class='ocrx_word' id='word_1_93' title='bbox 155 1509 352 1566; x_wconf 67' lang='lat' dir='ltr'><strong>reliquas</strong></span> <span class='ocrx_word' id='word_1_94' title='bbox 398 1508 560 1554; x_wconf 76' lang='lat' dir='ltr'><strong>classes</strong></span> <span class='ocrx_word' id='word_1_95' title='bbox 589 1509 743 1554; x_wconf 81' lang='lat' dir='ltr'><strong>referri</strong></span> <span class='ocrx_word' id='word_1_96' title='bbox 781 1523 871 1554; x_wconf 69' lang='lat' dir='ltr'><strong>non</strong></span> <span class='ocrx_word' id='word_1_97' title='bbox 911 1523 1168 1568; x_wconf 84' lang='lat' dir='ltr'><strong>potuerant.</strong></span> <span class='ocrx_word' id='word_1_98' title='bbox 1251 1508 1436 1556; x_wconf 81' lang='lat' dir='ltr'>Etiamfi</span> 
     </span>
     <span class='ocr_line' id='line_1_17' title="bbox 157 1588 1440 1648; baseline 0.002 -14"><span class='ocrx_word' id='word_1_99' title='bbox 157 1600 305 1634; x_wconf 81' lang='lat' dir='ltr'><strong>autem</strong></span> <span class='ocrx_word' id='word_1_100' title='bbox 336 1602 494 1634; x_wconf 84' lang='lat' dir='ltr'><strong>omnes</strong></span> <span class='ocrx_word' id='word_1_101' title='bbox 525 1588 804 1634; x_wconf 79' lang='lat' dir='ltr'><strong>corollarum</strong></span> <span class='ocrx_word' id='word_1_102' title='bbox 838 1588 1004 1646; x_wconf 68' lang='lat' dir='ltr'><strong>figuras</strong></span> <span class='ocrx_word' id='word_1_103' title='bbox 1031 1591 1223 1648; x_wconf 85' lang='lat' dir='ltr'><strong>proprio</strong></span> <span class='ocrx_word' id='word_1_104' title='bbox 1252 1590 1440 1636; x_wconf 82' lang='lat' dir='ltr'><strong>nomine</strong></span> 
     </span>
     <span class='ocr_line' id='line_1_18' title="bbox 161 1667 1443 1728; baseline 0.002 -16"><span class='ocrx_word' id='word_1_105' title='bbox 161 1667 402 1728; x_wconf 70' lang='lat' dir='ltr'><strong>insignire,</strong></span> <span class='ocrx_word' id='word_1_106' title='bbox 439 1682 690 1726; x_wconf 79' lang='lat' dir='ltr'><strong>omnesque</strong></span> <span class='ocrx_word' id='word_1_107' title='bbox 723 1669 775 1713; x_wconf 83' lang='lat' dir='ltr'><strong>ad</strong></span> <span class='ocrx_word' id='word_1_108' title='bbox 809 1667 970 1712; x_wconf 74' lang='lat' dir='ltr'><strong>classes</strong></span> <span class='ocrx_word' id='word_1_109' title='bbox 1009 1667 1225 1714; x_wconf 85' lang='lat' dir='ltr'><strong>reducere</strong></span> <span class='ocrx_word' id='word_1_110' title='bbox 1264 1669 1443 1727; x_wconf 84' lang='lat' dir='ltr'><strong>potuis·</strong></span> 
     </span>
     <span class='ocr_line' id='line_1_19' title="bbox 164 1745 1443 1808; baseline 0.004 -17"><span class='ocrx_word' id='word_1_111' title='bbox 164 1745 255 1797; x_wconf 82' lang='lat' dir='ltr'><strong>set,</strong></span> <span class='ocrx_word' id='word_1_112' title='bbox 292 1761 384 1791; x_wconf 88' lang='lat' dir='ltr'><strong>non</strong></span> <span class='ocrx_word' id='word_1_113' title='bbox 416 1759 560 1793; x_wconf 85' lang='lat' dir='ltr'><strong>tamen</strong></span> <span class='ocrx_word' id='word_1_114' title='bbox 588 1749 629 1793; x_wconf 85' lang='lat' dir='ltr'><strong>in</strong></span> <span class='ocrx_word' id='word_1_115' title='bbox 658 1760 889 1806; x_wconf 85' lang='lat' dir='ltr'><strong>posterum</strong></span> <span class='ocrx_word' id='word_1_116' title='bbox 929 1749 972 1791; x_wconf 82' lang='lat' dir='ltr'><strong>in</strong></span> <span class='ocrx_word' id='word_1_117' title='bbox 1011 1748 1088 1793; x_wconf 85' lang='lat' dir='ltr'><strong>usu</strong></span> <span class='ocrx_word' id='word_1_118' title='bbox 1121 1761 1300 1794; x_wconf 85' lang='lat' dir='ltr'><strong>manere</strong></span> <span class='ocrx_word' id='word_1_119' title='bbox 1331 1762 1443 1808; x_wconf 88' lang='lat' dir='ltr'>pos-</span> 
     </span>
     <span class='ocr_line' id='line_1_20' title="bbox 167 1823 1445 1885; baseline 0.003 -15"><span class='ocrx_word' id='word_1_120' title='bbox 167 1823 230 1870; x_wconf 84' lang='lat' dir='ltr'><strong>set</strong></span> <span class='ocrx_word' id='word_1_121' title='bbox 259 1824 457 1882; x_wconf 71' lang='lat' dir='ltr'><strong>systema.</strong></span> <span class='ocrx_word' id='word_1_122' title='bbox 530 1823 711 1870; x_wconf 84' lang='lat' dir='ltr'><strong>Etenim</strong></span> <span class='ocrx_word' id='word_1_123' title='bbox 749 1827 880 1870; x_wconf 84' lang='lat' dir='ltr'>novis</span> <span class='ocrx_word' id='word_1_124' title='bbox 914 1825 1078 1885; x_wconf 80' lang='lat' dir='ltr'>plantis</span> <span class='ocrx_word' id='word_1_125' title='bbox 1122 1825 1315 1873; x_wconf 83' lang='lat' dir='ltr'><strong>detectis</strong></span> <span class='ocrx_word' id='word_1_126' title='bbox 1350 1826 1445 1873; x_wconf 87' lang='lat' dir='ltr'><strong>sae-</strong></span> 
     </span>
     <span class='ocr_line' id='line_1_21' title="bbox 165 1901 1447 1966; baseline 0.003 -19"><span class='ocrx_word' id='word_1_127' title='bbox 165 1903 346 1963; x_wconf 79' lang='lat' dir='ltr'><strong>pisfime</strong></span> <span class='ocrx_word' id='word_1_128' title='bbox 382 1903 515 1948; x_wconf 75' lang='lat' dir='ltr'><strong>etiam</strong></span> <span class='ocrx_word' id='word_1_129' title='bbox 542 1917 686 1948; x_wconf 86' lang='lat' dir='ltr'><strong>novae</strong></span> <span class='ocrx_word' id='word_1_130' title='bbox 718 1902 993 1948; x_wconf 81' lang='lat' dir='ltr'><strong>corollarum</strong></span> <span class='ocrx_word' id='word_1_131' title='bbox 1025 1901 1199 1950; x_wconf 86' lang='lat' dir='ltr'><strong>formae</strong></span> <span class='ocrx_word' id='word_1_132' title='bbox 1224 1903 1447 1966; x_wconf 87' lang='lat' dir='ltr'><strong>detegun-</strong></span> 
     </span>
     <span class='ocr_line' id='line_1_22' title="bbox 171 1981 1447 2043; baseline 0.002 -15"><span class='ocrx_word' id='word_1_133' title='bbox 171 1996 259 2028; x_wconf 85' lang='lat' dir='ltr'><strong>tur.</strong></span> <span class='ocrx_word' id='word_1_134' title='bbox 332 1981 380 2027; x_wconf 88' lang='lat' dir='ltr'><strong>In</strong></span> <span class='ocrx_word' id='word_1_135' title='bbox 410 1996 467 2027; x_wconf 86' lang='lat' dir='ltr'><strong>eo</strong></span> <span class='ocrx_word' id='word_1_136' title='bbox 494 1983 633 2043; x_wconf 76' lang='lat' dir='ltr'><strong>igitur</strong></span> <span class='ocrx_word' id='word_1_137' title='bbox 663 1981 762 2027; x_wconf 80' lang='lat' dir='ltr'>casu</span> <span class='ocrx_word' id='word_1_138' title='bbox 792 1981 862 2026; x_wconf 86' lang='lat' dir='ltr'><strong>vel</strong></span> <span class='ocrx_word' id='word_1_139' title='bbox 908 1995 1052 2027; x_wconf 85' lang='lat' dir='ltr'><strong>novae</strong></span> <span class='ocrx_word' id='word_1_140' title='bbox 1084 1981 1246 2026; x_wconf 84' lang='lat' dir='ltr'><strong>classes</strong></span> <span class='ocrx_word' id='word_1_141' title='bbox 1291 1997 1447 2030; x_wconf 83' lang='lat' dir='ltr'><strong>crean-</strong></span> 
     </span>
     <span class='ocr_line' id='line_1_23' title="bbox 173 2059 1449 2121; baseline 0.002 -14"><span class='ocrx_word' id='word_1_142' title='bbox 173 2061 254 2107; x_wconf 83' lang='lat' dir='ltr'><strong>dae</strong></span> <span class='ocrx_word' id='word_1_143' title='bbox 283 2061 356 2107; x_wconf 89' lang='lat' dir='ltr'><strong>vel</strong></span> <span class='ocrx_word' id='word_1_144' title='bbox 385 2074 544 2105; x_wconf 84' lang='lat' dir='ltr'><strong>omnes</strong></span> <span class='ocrx_word' id='word_1_145' title='bbox 573 2075 630 2106; x_wconf 89' lang='lat' dir='ltr'><strong>eo</strong></span> <span class='ocrx_word' id='word_1_146' title='bbox 655 2074 800 2120; x_wconf 84' lang='lat' dir='ltr'><strong>usque</strong></span> <span class='ocrx_word' id='word_1_147' title='bbox 825 2061 1010 2121; x_wconf 83' lang='lat' dir='ltr'><strong>ignotae</strong></span> <span class='ocrx_word' id='word_1_148' title='bbox 1042 2059 1321 2107; x_wconf 75' lang='lat' dir='ltr'><strong>coronarum</strong></span> <span class='ocrx_word' id='word_1_149' title='bbox 1349 2061 1449 2110; x_wconf 87' lang='lat' dir='ltr'><strong>for-</strong></span> 
     </span>
    </p>
   </div>
   <div class='ocr_carea' id='block_1_5' title="bbox 169 2156 1447 2439">
    <p class='ocr_par' dir='ltr' id='par_1_5' title="bbox 1314 2156 1445 2198">
     <span class='ocr_line' id='line_1_24' title="bbox 1314 2156 1445 2198; baseline 0 -10"><span class='ocrx_word' id='word_1_150' title='bbox 1314 2156 1445 2198; x_wconf 82' lang='lat' dir='ltr'><strong>mae,</strong></span> 
     </span>
    </p>

    <p class='ocr_par' dir='ltr' id='par_1_6' title="bbox 173 2245 1447 2297">
     <span class='ocr_line' id='line_1_25' title="bbox 173 2245 1447 2297; baseline 0.002 -14"><span class='ocrx_word' id='word_1_151' title='bbox 173 2246 548 2292; x_wconf 75' lang='lat' dir='ltr'><strong>Willdenow‚</strong></span> <span class='ocrx_word' id='word_1_152' title='bbox 582 2247 768 2297; x_wconf 73' lang='lat' dir='ltr'><strong>Kraiit.§</strong></span> <span class='ocrx_word' id='word_1_153' title='bbox 790 2246 882 2294; x_wconf 84' lang='lat'>176.</span> <span class='ocrx_word' id='word_1_154' title='bbox 946 2245 1098 2285; x_wconf 86' lang='lat' dir='ltr'><strong>Kurt.</strong></span> <span class='ocrx_word' id='word_1_155' title='bbox 1134 2246 1447 2296; x_wconf 84' lang='lat' dir='ltr'><strong>Sprenge1‚</strong></span> 
     </span>
    </p>

    <p class='ocr_par' dir='ltr' id='par_1_7' title="bbox 169 2315 1412 2439">
     <span class='ocr_line' id='line_1_26' title="bbox 169 2315 1412 2369; baseline 0.001 -12"><span class='ocrx_word' id='word_1_156' title='bbox 169 2320 387 2366; x_wconf 70' lang='lat' dir='ltr'><strong>Anleitng</strong></span> <span class='ocrx_word' id='word_1_157' title='bbox 418 2330 493 2355; x_wconf 74' lang='lat' dir='ltr'><strong>zur</strong></span> <span class='ocrx_word' id='word_1_158' title='bbox 516 2317 714 2364; x_wconf 73' lang='lat' dir='ltr'><strong>kenmniss</strong></span> <span class='ocrx_word' id='word_1_159' title='bbox 739 2320 808 2356; x_wconf 78' lang='lat' dir='ltr'><strong>der</strong></span> <span class='ocrx_word' id='word_1_160' title='bbox 839 2315 1069 2364; x_wconf 70' lang='lat' dir='ltr'><strong>Gou&#39;iichse‚</strong></span> <span class='ocrx_word' id='word_1_161' title='bbox 1098 2317 1146 2355; x_wconf 86' lang='lat' dir='ltr'><strong>T.</strong></span> <span class='ocrx_word' id='word_1_162' title='bbox 1180 2318 1234 2356; x_wconf 84' lang='grc' dir='ltr'><strong>ΙΙ.</strong></span> <span class='ocrx_word' id='word_1_163' title='bbox 1265 2330 1308 2369; x_wconf 87' lang='lat' dir='ltr'><strong>p.</strong></span> <span class='ocrx_word' id='word_1_164' title='bbox 1342 2321 1412 2367; x_wconf 81' lang='lat'><strong>89·</strong></span> 
     </span>
     <span class='ocr_line' id='line_1_27' title="bbox 226 2387 1210 2439; baseline 0 -13"><span class='ocrx_word' id='word_1_165' title='bbox 226 2390 304 2439; x_wconf 70' lang='grc' dir='ltr'><strong>(ι)</strong></span> <span class='ocrx_word' id='word_1_166' title='bbox 339 2388 462 2428; x_wconf 84' lang='lat' dir='ltr'><strong>Conf.</strong></span> <span class='ocrx_word' id='word_1_167' title='bbox 495 2389 769 2437; x_wconf 83' lang='lat' dir='ltr'><strong>Linnaei,</strong></span> <span class='ocrx_word' id='word_1_168' title='bbox 801 2389 907 2428; x_wconf 83' lang='lat' dir='ltr'><em>Pln&#39;l.</em></span> <span class='ocrx_word' id='word_1_169' title='bbox 934 2387 1075 2438; x_wconf 84' lang='lat' dir='ltr'><em>Bot.§</em></span> <span class='ocrx_word' id='word_1_170' title='bbox 1115 2397 1210 2436; x_wconf 84' lang='lat'><em>159.</em></span> 
     </span>
    </p>
   </div>
  </div>
 </body>
</html>
